%YAML 1.1
%TAG !u! tag:unity3d.com,2011:
--- !u!29 &1
SceneSettings:
  m_ObjectHideFlags: 0
  m_PVSData: 
  m_PVSObjectsArray: []
  m_PVSPortalsArray: []
  m_OcclusionBakeSettings:
    smallestOccluder: 5
    smallestHole: 0.25
    backfaceThreshold: 100
--- !u!104 &2
RenderSettings:
  m_ObjectHideFlags: 0
  serializedVersion: 6
  m_Fog: 0
  m_FogColor: {r: 0.5, g: 0.5, b: 0.5, a: 1}
  m_FogMode: 3
  m_FogDensity: 0.01
  m_LinearFogStart: 0
  m_LinearFogEnd: 300
  m_AmbientSkyColor: {r: 0.212, g: 0.227, b: 0.259, a: 1}
  m_AmbientEquatorColor: {r: 0.114, g: 0.125, b: 0.133, a: 1}
  m_AmbientGroundColor: {r: 0.047, g: 0.043, b: 0.035, a: 1}
  m_AmbientIntensity: 1
  m_AmbientMode: 0
  m_SkyboxMaterial: {fileID: 10304, guid: 0000000000000000f000000000000000, type: 0}
  m_HaloStrength: 0.5
  m_FlareStrength: 1
  m_FlareFadeSpeed: 3
  m_HaloTexture: {fileID: 0}
  m_SpotCookie: {fileID: 10001, guid: 0000000000000000e000000000000000, type: 0}
  m_DefaultReflectionMode: 0
  m_DefaultReflectionResolution: 128
  m_ReflectionBounces: 1
  m_ReflectionIntensity: 1
  m_CustomReflection: {fileID: 0}
  m_Sun: {fileID: 0}
--- !u!157 &3
LightmapSettings:
  m_ObjectHideFlags: 0
  serializedVersion: 6
  m_GIWorkflowMode: 0
  m_LightmapsMode: 1
  m_GISettings:
    serializedVersion: 2
    m_BounceScale: 1
    m_IndirectOutputScale: 1
    m_AlbedoBoost: 1
    m_TemporalCoherenceThreshold: 1
    m_EnvironmentLightingMode: 0
    m_EnableBakedLightmaps: 1
    m_EnableRealtimeLightmaps: 1
  m_LightmapEditorSettings:
    serializedVersion: 3
    m_Resolution: 2
    m_BakeResolution: 40
    m_TextureWidth: 1024
    m_TextureHeight: 1024
    m_AOMaxDistance: 1
    m_Padding: 2
    m_CompAOExponent: 0
    m_LightmapParameters: {fileID: 0}
    m_TextureCompression: 1
    m_FinalGather: 0
    m_FinalGatherRayCount: 1024
    m_ReflectionCompression: 2
  m_LightingDataAsset: {fileID: 0}
  m_RuntimeCPUUsage: 25
--- !u!196 &4
NavMeshSettings:
  serializedVersion: 2
  m_ObjectHideFlags: 0
  m_BuildSettings:
    serializedVersion: 2
    agentRadius: 0.5
    agentHeight: 2
    agentSlope: 45
    agentClimb: 0.4
    ledgeDropHeight: 0
    maxJumpAcrossDistance: 0
    accuratePlacement: 0
    minRegionArea: 2
    cellSize: 0.16666667
    manualCellSize: 0
  m_NavMeshData: {fileID: 0}
--- !u!1 &22604879
GameObject:
  m_ObjectHideFlags: 0
  m_PrefabParentObject: {fileID: 0}
  m_PrefabInternal: {fileID: 0}
  serializedVersion: 4
  m_Component:
  - 4: {fileID: 22604883}
  - 114: {fileID: 22604882}
  m_Layer: 0
  m_Name: User
  m_TagString: Untagged
  m_Icon: {fileID: 0}
  m_NavMeshLayer: 0
  m_StaticEditorFlags: 0
  m_IsActive: 1
--- !u!114 &22604882
MonoBehaviour:
  m_ObjectHideFlags: 0
  m_PrefabParentObject: {fileID: 0}
  m_PrefabInternal: {fileID: 0}
  m_GameObject: {fileID: 22604879}
  m_Enabled: 1
  m_EditorHideFlags: 0
  m_Script: {fileID: 11500000, guid: a40b544b8c3553c40852ae7ad35a9343, type: 3}
  m_Name: 
  m_EditorClassIdentifier: 
  vrModeEnabled: 1
  distortionCorrection: 2
  enableAlignmentMarker: 1
  enableSettingsButton: 1
  backButtonMode: 1
  tapIsTrigger: 1
  neckModelScale: 0
  autoDriftCorrection: 1
  electronicDisplayStabilization: 0
  autoUntiltHead: 1
  UseUnityRemoteInput: 0
  screenSize: 0
  deviceType: 0
  stereoScreenScale: 1
--- !u!4 &22604883
Transform:
  m_ObjectHideFlags: 0
  m_PrefabParentObject: {fileID: 0}
  m_PrefabInternal: {fileID: 0}
  m_GameObject: {fileID: 22604879}
  m_LocalRotation: {x: 0, y: 0, z: 0, w: 1}
  m_LocalPosition: {x: 0, y: 0, z: 0}
  m_LocalScale: {x: 1, y: 1, z: 1}
  m_Children:
  - {fileID: 462610858}
  - {fileID: 1404072432}
  m_Father: {fileID: 0}
  m_RootOrder: 1
--- !u!1 &63237481
GameObject:
  m_ObjectHideFlags: 0
  m_PrefabParentObject: {fileID: 0}
  m_PrefabInternal: {fileID: 0}
  serializedVersion: 4
  m_Component:
  - 4: {fileID: 63237485}
  - 33: {fileID: 63237484}
  - 65: {fileID: 63237483}
  - 23: {fileID: 63237482}
  m_Layer: 0
  m_Name: Cube (5)
  m_TagString: Untagged
  m_Icon: {fileID: 0}
  m_NavMeshLayer: 0
  m_StaticEditorFlags: 0
  m_IsActive: 1
--- !u!23 &63237482
MeshRenderer:
  m_ObjectHideFlags: 0
  m_PrefabParentObject: {fileID: 0}
  m_PrefabInternal: {fileID: 0}
  m_GameObject: {fileID: 63237481}
  m_Enabled: 1
  m_CastShadows: 1
  m_ReceiveShadows: 1
  m_Materials:
  - {fileID: 10303, guid: 0000000000000000f000000000000000, type: 0}
  m_SubsetIndices: 
  m_StaticBatchRoot: {fileID: 0}
  m_UseLightProbes: 1
  m_ReflectionProbeUsage: 1
  m_ProbeAnchor: {fileID: 0}
  m_ScaleInLightmap: 1
  m_PreserveUVs: 1
  m_IgnoreNormalsForChartDetection: 0
  m_ImportantGI: 0
  m_MinimumChartSize: 4
  m_AutoUVMaxDistance: 0.5
  m_AutoUVMaxAngle: 89
  m_LightmapParameters: {fileID: 0}
  m_SortingLayerID: 0
  m_SortingOrder: 0
--- !u!65 &63237483
BoxCollider:
  m_ObjectHideFlags: 0
  m_PrefabParentObject: {fileID: 0}
  m_PrefabInternal: {fileID: 0}
  m_GameObject: {fileID: 63237481}
  m_Material: {fileID: 0}
  m_IsTrigger: 0
  m_Enabled: 1
  serializedVersion: 2
  m_Size: {x: 1, y: 1, z: 1}
  m_Center: {x: 0, y: 0, z: 0}
--- !u!33 &63237484
MeshFilter:
  m_ObjectHideFlags: 0
  m_PrefabParentObject: {fileID: 0}
  m_PrefabInternal: {fileID: 0}
  m_GameObject: {fileID: 63237481}
  m_Mesh: {fileID: 10202, guid: 0000000000000000e000000000000000, type: 0}
--- !u!4 &63237485
Transform:
  m_ObjectHideFlags: 0
  m_PrefabParentObject: {fileID: 0}
  m_PrefabInternal: {fileID: 0}
  m_GameObject: {fileID: 63237481}
  m_LocalRotation: {x: 0, y: 0, z: 0, w: 1}
  m_LocalPosition: {x: 0, y: -5, z: 0}
  m_LocalScale: {x: 1, y: 1, z: 1}
  m_Children: []
  m_Father: {fileID: 0}
  m_RootOrder: 10
--- !u!1 &152257255
GameObject:
  m_ObjectHideFlags: 0
  m_PrefabParentObject: {fileID: 0}
  m_PrefabInternal: {fileID: 0}
  serializedVersion: 4
  m_Component:
  - 4: {fileID: 152257259}
  - 33: {fileID: 152257258}
  - 65: {fileID: 152257257}
  - 23: {fileID: 152257256}
  m_Layer: 0
  m_Name: Cube
  m_TagString: Untagged
  m_Icon: {fileID: 0}
  m_NavMeshLayer: 0
  m_StaticEditorFlags: 0
  m_IsActive: 1
--- !u!23 &152257256
MeshRenderer:
  m_ObjectHideFlags: 0
  m_PrefabParentObject: {fileID: 0}
  m_PrefabInternal: {fileID: 0}
  m_GameObject: {fileID: 152257255}
  m_Enabled: 1
  m_CastShadows: 1
  m_ReceiveShadows: 1
  m_Materials:
  - {fileID: 10303, guid: 0000000000000000f000000000000000, type: 0}
  m_SubsetIndices: 
  m_StaticBatchRoot: {fileID: 0}
  m_UseLightProbes: 1
  m_ReflectionProbeUsage: 1
  m_ProbeAnchor: {fileID: 0}
  m_ScaleInLightmap: 1
  m_PreserveUVs: 1
  m_IgnoreNormalsForChartDetection: 0
  m_ImportantGI: 0
  m_MinimumChartSize: 4
  m_AutoUVMaxDistance: 0.5
  m_AutoUVMaxAngle: 89
  m_LightmapParameters: {fileID: 0}
  m_SortingLayerID: 0
  m_SortingOrder: 0
--- !u!65 &152257257
BoxCollider:
  m_ObjectHideFlags: 0
  m_PrefabParentObject: {fileID: 0}
  m_PrefabInternal: {fileID: 0}
  m_GameObject: {fileID: 152257255}
  m_Material: {fileID: 0}
  m_IsTrigger: 0
  m_Enabled: 1
  serializedVersion: 2
  m_Size: {x: 1, y: 1, z: 1}
  m_Center: {x: 0, y: 0, z: 0}
--- !u!33 &152257258
MeshFilter:
  m_ObjectHideFlags: 0
  m_PrefabParentObject: {fileID: 0}
  m_PrefabInternal: {fileID: 0}
  m_GameObject: {fileID: 152257255}
  m_Mesh: {fileID: 10202, guid: 0000000000000000e000000000000000, type: 0}
--- !u!4 &152257259
Transform:
  m_ObjectHideFlags: 0
  m_PrefabParentObject: {fileID: 0}
  m_PrefabInternal: {fileID: 0}
  m_GameObject: {fileID: 152257255}
  m_LocalRotation: {x: 0, y: 0, z: 0, w: 1}
  m_LocalPosition: {x: 0, y: 0, z: 5}
  m_LocalScale: {x: 1, y: 1, z: 1}
  m_Children: []
  m_Father: {fileID: 0}
  m_RootOrder: 4
--- !u!1 &156074539
GameObject:
  m_ObjectHideFlags: 0
  m_PrefabParentObject: {fileID: 126496, guid: 82ff44c44057dae48bb0426f644dc8fa, type: 2}
  m_PrefabInternal: {fileID: 0}
  serializedVersion: 4
  m_Component:
  - 4: {fileID: 156074540}
  - 33: {fileID: 156074544}
  - 64: {fileID: 156074543}
  - 23: {fileID: 156074542}
  - 114: {fileID: 156074541}
  m_Layer: 0
  m_Name: Bot
  m_TagString: Untagged
  m_Icon: {fileID: 0}
  m_NavMeshLayer: 0
  m_StaticEditorFlags: 0
  m_IsActive: 0
--- !u!4 &156074540
Transform:
  m_ObjectHideFlags: 0
  m_PrefabParentObject: {fileID: 421598, guid: 82ff44c44057dae48bb0426f644dc8fa, type: 2}
  m_PrefabInternal: {fileID: 0}
  m_GameObject: {fileID: 156074539}
  m_LocalRotation: {x: -0.7071068, y: -0.7071068, z: 0, w: 0}
  m_LocalPosition: {x: 0, y: 2780, z: -159.00005}
  m_LocalScale: {x: 5000.006, y: 10000.008, z: 5}
  m_Children: []
  m_Father: {fileID: 2050789978}
  m_RootOrder: 3
--- !u!114 &156074541
MonoBehaviour:
  m_ObjectHideFlags: 0
  m_PrefabParentObject: {fileID: 11468516, guid: 82ff44c44057dae48bb0426f644dc8fa,
    type: 2}
  m_PrefabInternal: {fileID: 0}
  m_GameObject: {fileID: 156074539}
  m_Enabled: 0
  m_EditorHideFlags: 0
  m_Script: {fileID: 11500000, guid: 9d6c4ff938ae1f94684e14f1d399fbe7, type: 3}
  m_Name: 
  m_EditorClassIdentifier: 
  startPoint: {fileID: 0}
  endPoint: {fileID: 0}
--- !u!23 &156074542
MeshRenderer:
  m_ObjectHideFlags: 0
  m_PrefabParentObject: {fileID: 2303816, guid: 82ff44c44057dae48bb0426f644dc8fa,
    type: 2}
  m_PrefabInternal: {fileID: 0}
  m_GameObject: {fileID: 156074539}
  m_Enabled: 1
  m_CastShadows: 1
  m_ReceiveShadows: 1
  m_Materials:
  - {fileID: 2100000, guid: 455f05dac9ce3dc4781211d3e804a687, type: 2}
  m_SubsetIndices: 
  m_StaticBatchRoot: {fileID: 0}
  m_UseLightProbes: 0
  m_ReflectionProbeUsage: 1
  m_ProbeAnchor: {fileID: 0}
  m_ScaleInLightmap: 1
  m_PreserveUVs: 0
  m_IgnoreNormalsForChartDetection: 0
  m_ImportantGI: 0
  m_MinimumChartSize: 4
  m_AutoUVMaxDistance: 0.5
  m_AutoUVMaxAngle: 89
  m_LightmapParameters: {fileID: 0}
  m_SortingLayerID: 0
  m_SortingOrder: 0
--- !u!64 &156074543
MeshCollider:
  m_ObjectHideFlags: 0
  m_PrefabParentObject: {fileID: 6426020, guid: 82ff44c44057dae48bb0426f644dc8fa,
    type: 2}
  m_PrefabInternal: {fileID: 0}
  m_GameObject: {fileID: 156074539}
  m_Material: {fileID: 0}
  m_IsTrigger: 0
  m_Enabled: 1
  serializedVersion: 2
  m_Convex: 0
  m_Mesh: {fileID: 10210, guid: 0000000000000000e000000000000000, type: 0}
--- !u!33 &156074544
MeshFilter:
  m_ObjectHideFlags: 0
  m_PrefabParentObject: {fileID: 3373618, guid: 82ff44c44057dae48bb0426f644dc8fa,
    type: 2}
  m_PrefabInternal: {fileID: 0}
  m_GameObject: {fileID: 156074539}
  m_Mesh: {fileID: 10210, guid: 0000000000000000e000000000000000, type: 0}
--- !u!1 &162883565
GameObject:
  m_ObjectHideFlags: 0
  m_PrefabParentObject: {fileID: 152600, guid: 82ff44c44057dae48bb0426f644dc8fa, type: 2}
  m_PrefabInternal: {fileID: 0}
  serializedVersion: 4
  m_Component:
  - 4: {fileID: 162883566}
  - 33: {fileID: 162883569}
  - 65: {fileID: 162883568}
  - 23: {fileID: 162883567}
  - 114: {fileID: 162883570}
  m_Layer: 0
  m_Name: Cube (1)
  m_TagString: Exit Object
  m_Icon: {fileID: 0}
  m_NavMeshLayer: 0
  m_StaticEditorFlags: 0
  m_IsActive: 1
--- !u!4 &162883566
Transform:
  m_ObjectHideFlags: 0
  m_PrefabParentObject: {fileID: 416426, guid: 82ff44c44057dae48bb0426f644dc8fa, type: 2}
  m_PrefabInternal: {fileID: 0}
  m_GameObject: {fileID: 162883565}
  m_LocalRotation: {x: 0, y: 0, z: 0, w: 1}
  m_LocalPosition: {x: -0.4, y: -0.00003053993, z: -0.4}
  m_LocalScale: {x: 0.125, y: 0.125, z: 0.125}
  m_Children: []
  m_Father: {fileID: 774945699}
  m_RootOrder: 3
--- !u!23 &162883567
MeshRenderer:
  m_ObjectHideFlags: 0
  m_PrefabParentObject: {fileID: 2357598, guid: 82ff44c44057dae48bb0426f644dc8fa,
    type: 2}
  m_PrefabInternal: {fileID: 0}
  m_GameObject: {fileID: 162883565}
  m_Enabled: 1
  m_CastShadows: 1
  m_ReceiveShadows: 1
  m_Materials:
  - {fileID: 10303, guid: 0000000000000000f000000000000000, type: 0}
  m_SubsetIndices: 
  m_StaticBatchRoot: {fileID: 0}
  m_UseLightProbes: 1
  m_ReflectionProbeUsage: 1
  m_ProbeAnchor: {fileID: 0}
  m_ScaleInLightmap: 1
  m_PreserveUVs: 1
  m_IgnoreNormalsForChartDetection: 0
  m_ImportantGI: 0
  m_MinimumChartSize: 4
  m_AutoUVMaxDistance: 0.5
  m_AutoUVMaxAngle: 89
  m_LightmapParameters: {fileID: 0}
  m_SortingLayerID: 0
  m_SortingOrder: 0
--- !u!65 &162883568
BoxCollider:
  m_ObjectHideFlags: 0
  m_PrefabParentObject: {fileID: 6528288, guid: 82ff44c44057dae48bb0426f644dc8fa,
    type: 2}
  m_PrefabInternal: {fileID: 0}
  m_GameObject: {fileID: 162883565}
  m_Material: {fileID: 0}
  m_IsTrigger: 0
  m_Enabled: 1
  serializedVersion: 2
  m_Size: {x: 1, y: 1, z: 1}
  m_Center: {x: 0, y: 0, z: 0}
--- !u!33 &162883569
MeshFilter:
  m_ObjectHideFlags: 0
  m_PrefabParentObject: {fileID: 3375044, guid: 82ff44c44057dae48bb0426f644dc8fa,
    type: 2}
  m_PrefabInternal: {fileID: 0}
  m_GameObject: {fileID: 162883565}
  m_Mesh: {fileID: 10202, guid: 0000000000000000e000000000000000, type: 0}
--- !u!114 &162883570
MonoBehaviour:
  m_ObjectHideFlags: 0
  m_PrefabParentObject: {fileID: 0}
  m_PrefabInternal: {fileID: 0}
  m_GameObject: {fileID: 162883565}
  m_Enabled: 1
  m_EditorHideFlags: 0
  m_Script: {fileID: 11500000, guid: 52c6786ee7d093140a746d141466e78b, type: 3}
  m_Name: 
  m_EditorClassIdentifier: 
--- !u!1 &177815952
GameObject:
  m_ObjectHideFlags: 0
  m_PrefabParentObject: {fileID: 0}
  m_PrefabInternal: {fileID: 0}
  serializedVersion: 4
  m_Component:
  - 224: {fileID: 177815953}
  - 222: {fileID: 177815955}
  - 114: {fileID: 177815954}
  - 114: {fileID: 177815956}
  m_Layer: 0
  m_Name: Image
  m_TagString: Untagged
  m_Icon: {fileID: 0}
  m_NavMeshLayer: 0
  m_StaticEditorFlags: 0
  m_IsActive: 1
--- !u!224 &177815953
RectTransform:
  m_ObjectHideFlags: 0
  m_PrefabParentObject: {fileID: 0}
  m_PrefabInternal: {fileID: 0}
  m_GameObject: {fileID: 177815952}
  m_LocalRotation: {x: 0, y: 0, z: 0, w: 1}
  m_LocalPosition: {x: 0, y: 0, z: 0}
  m_LocalScale: {x: 1, y: 1, z: 1}
  m_Children: []
  m_Father: {fileID: 1498613283}
  m_RootOrder: 0
  m_AnchorMin: {x: 0, y: 0}
  m_AnchorMax: {x: 1, y: 1}
  m_AnchoredPosition: {x: 0, y: 0}
  m_SizeDelta: {x: 0, y: 0}
  m_Pivot: {x: 0.5, y: 0.5}
--- !u!114 &177815954
MonoBehaviour:
  m_ObjectHideFlags: 0
  m_PrefabParentObject: {fileID: 0}
  m_PrefabInternal: {fileID: 0}
  m_GameObject: {fileID: 177815952}
  m_Enabled: 1
  m_EditorHideFlags: 0
  m_Script: {fileID: -765806418, guid: f5f67c52d1564df4a8936ccd202a3bd8, type: 3}
  m_Name: 
  m_EditorClassIdentifier: 
  m_Material: {fileID: 0}
  m_Color: {r: 0, g: 1, b: 0.13103461, a: 1}
  m_RaycastTarget: 1
  m_OnCullStateChanged:
    m_PersistentCalls:
      m_Calls: []
    m_TypeName: UnityEngine.UI.MaskableGraphic+CullStateChangedEvent, UnityEngine.UI,
      Version=1.0.0.0, Culture=neutral, PublicKeyToken=null
  m_Sprite: {fileID: 21300000, guid: 1c4409544b35d40d193f6a2090ac8325, type: 3}
  m_Type: 0
  m_PreserveAspect: 0
  m_FillCenter: 1
  m_FillMethod: 4
  m_FillAmount: 1
  m_FillClockwise: 1
  m_FillOrigin: 0
--- !u!222 &177815955
CanvasRenderer:
  m_ObjectHideFlags: 0
  m_PrefabParentObject: {fileID: 0}
  m_PrefabInternal: {fileID: 0}
  m_GameObject: {fileID: 177815952}
--- !u!114 &177815956
MonoBehaviour:
  m_ObjectHideFlags: 0
  m_PrefabParentObject: {fileID: 0}
  m_PrefabInternal: {fileID: 0}
  m_GameObject: {fileID: 177815952}
  m_Enabled: 1
  m_EditorHideFlags: 0
  m_Script: {fileID: 11500000, guid: 503891b561d63e742b078024f4d51cac, type: 3}
  m_Name: 
  m_EditorClassIdentifier: 
--- !u!1 &222160732
GameObject:
  m_ObjectHideFlags: 0
  m_PrefabParentObject: {fileID: 0}
  m_PrefabInternal: {fileID: 0}
  serializedVersion: 4
  m_Component:
  - 4: {fileID: 222160736}
  - 33: {fileID: 222160735}
  - 65: {fileID: 222160734}
  - 23: {fileID: 222160733}
  m_Layer: 0
  m_Name: Cube (1)
  m_TagString: Untagged
  m_Icon: {fileID: 0}
  m_NavMeshLayer: 0
  m_StaticEditorFlags: 0
  m_IsActive: 1
--- !u!23 &222160733
MeshRenderer:
  m_ObjectHideFlags: 0
  m_PrefabParentObject: {fileID: 0}
  m_PrefabInternal: {fileID: 0}
  m_GameObject: {fileID: 222160732}
  m_Enabled: 1
  m_CastShadows: 1
  m_ReceiveShadows: 1
  m_Materials:
  - {fileID: 10303, guid: 0000000000000000f000000000000000, type: 0}
  m_SubsetIndices: 
  m_StaticBatchRoot: {fileID: 0}
  m_UseLightProbes: 1
  m_ReflectionProbeUsage: 1
  m_ProbeAnchor: {fileID: 0}
  m_ScaleInLightmap: 1
  m_PreserveUVs: 1
  m_IgnoreNormalsForChartDetection: 0
  m_ImportantGI: 0
  m_MinimumChartSize: 4
  m_AutoUVMaxDistance: 0.5
  m_AutoUVMaxAngle: 89
  m_LightmapParameters: {fileID: 0}
  m_SortingLayerID: 0
  m_SortingOrder: 0
--- !u!65 &222160734
BoxCollider:
  m_ObjectHideFlags: 0
  m_PrefabParentObject: {fileID: 0}
  m_PrefabInternal: {fileID: 0}
  m_GameObject: {fileID: 222160732}
  m_Material: {fileID: 0}
  m_IsTrigger: 0
  m_Enabled: 1
  serializedVersion: 2
  m_Size: {x: 1, y: 1, z: 1}
  m_Center: {x: 0, y: 0, z: 0}
--- !u!33 &222160735
MeshFilter:
  m_ObjectHideFlags: 0
  m_PrefabParentObject: {fileID: 0}
  m_PrefabInternal: {fileID: 0}
  m_GameObject: {fileID: 222160732}
  m_Mesh: {fileID: 10202, guid: 0000000000000000e000000000000000, type: 0}
--- !u!4 &222160736
Transform:
  m_ObjectHideFlags: 0
  m_PrefabParentObject: {fileID: 0}
  m_PrefabInternal: {fileID: 0}
  m_GameObject: {fileID: 222160732}
  m_LocalRotation: {x: 0, y: 0, z: 0, w: 1}
  m_LocalPosition: {x: 0, y: 0, z: -5}
  m_LocalScale: {x: 1, y: 1, z: 1}
  m_Children: []
  m_Father: {fileID: 0}
  m_RootOrder: 6
--- !u!1 &253301310
GameObject:
  m_ObjectHideFlags: 0
  m_PrefabParentObject: {fileID: 150434, guid: b8b03d395f5734e98af91ccf44f9bf47, type: 2}
  m_PrefabInternal: {fileID: 0}
  serializedVersion: 4
  m_Component:
  - 4: {fileID: 253301311}
  - 20: {fileID: 253301313}
  - 114: {fileID: 253301312}
  m_Layer: 0
  m_Name: PreRender
  m_TagString: Untagged
  m_Icon: {fileID: 0}
  m_NavMeshLayer: 0
  m_StaticEditorFlags: 0
  m_IsActive: 1
--- !u!4 &253301311
Transform:
  m_ObjectHideFlags: 0
  m_PrefabParentObject: {fileID: 450434, guid: b8b03d395f5734e98af91ccf44f9bf47, type: 2}
  m_PrefabInternal: {fileID: 0}
  m_GameObject: {fileID: 253301310}
  m_LocalRotation: {x: 0, y: 0, z: 0, w: 1}
  m_LocalPosition: {x: 0, y: 0, z: 0}
  m_LocalScale: {x: 1, y: 1, z: 1}
  m_Children: []
  m_Father: {fileID: 1404072432}
  m_RootOrder: 0
--- !u!114 &253301312
MonoBehaviour:
  m_ObjectHideFlags: 0
  m_PrefabParentObject: {fileID: 11450434, guid: b8b03d395f5734e98af91ccf44f9bf47,
    type: 2}
  m_PrefabInternal: {fileID: 0}
  m_GameObject: {fileID: 253301310}
  m_Enabled: 1
  m_EditorHideFlags: 0
  m_Script: {fileID: 11500000, guid: 20fb7fbcfb2e642bba6211eb9ea19962, type: 3}
  m_Name: 
  m_EditorClassIdentifier: 
--- !u!20 &253301313
Camera:
  m_ObjectHideFlags: 0
  m_PrefabParentObject: {fileID: 2050434, guid: b8b03d395f5734e98af91ccf44f9bf47,
    type: 2}
  m_PrefabInternal: {fileID: 0}
  m_GameObject: {fileID: 253301310}
  m_Enabled: 1
  serializedVersion: 2
  m_ClearFlags: 2
  m_BackGroundColor: {r: 0, g: 0, b: 0, a: 1}
  m_NormalizedViewPortRect:
    serializedVersion: 2
    x: 0
    y: 0
    width: 1
    height: 1
  near clip plane: 0.3
  far clip plane: 1000
  field of view: 60
  orthographic: 0
  orthographic size: 5
  m_Depth: -100
  m_CullingMask:
    serializedVersion: 2
    m_Bits: 0
  m_RenderingPath: -1
  m_TargetTexture: {fileID: 0}
  m_TargetDisplay: 0
  m_TargetEye: 3
  m_HDR: 0
  m_OcclusionCulling: 0
  m_StereoConvergence: 10
  m_StereoSeparation: 0.022
  m_StereoMirrorMode: 0
--- !u!1 &293611531 stripped
GameObject:
  m_PrefabParentObject: {fileID: 100000, guid: bf30d577eead1ef40bcf2b404289daf4, type: 2}
  m_PrefabInternal: {fileID: 726103224}
--- !u!114 &293611532
MonoBehaviour:
  m_ObjectHideFlags: 0
  m_PrefabParentObject: {fileID: 0}
  m_PrefabInternal: {fileID: 0}
  m_GameObject: {fileID: 293611531}
  m_Enabled: 1
  m_EditorHideFlags: 0
  m_Script: {fileID: 11500000, guid: 92e7d810960f34425863a7b8d11ee7db, type: 3}
  m_Name: 
  m_EditorClassIdentifier: 
--- !u!114 &293611533
MonoBehaviour:
  m_ObjectHideFlags: 0
  m_PrefabParentObject: {fileID: 0}
  m_PrefabInternal: {fileID: 0}
  m_GameObject: {fileID: 293611531}
  m_Enabled: 1
  m_EditorHideFlags: 0
  m_Script: {fileID: 11500000, guid: 67cbfb9153674e84d894cc7d53ffe720, type: 3}
  m_Name: 
  m_EditorClassIdentifier: 
  mDataSetsToLoad:
  - Test
  mDataSetsToActivate:
  - Test
  mExternalDatasetRoots: []
--- !u!1001 &299562417
Prefab:
  m_ObjectHideFlags: 0
  serializedVersion: 2
  m_Modification:
    m_TransformParent: {fileID: 462610858}
    m_Modifications:
    - target: {fileID: 400004, guid: 691bf3e71b387435bb6304e28d671b2f, type: 2}
      propertyPath: m_LocalPosition.x
      value: 0
      objectReference: {fileID: 0}
    - target: {fileID: 400004, guid: 691bf3e71b387435bb6304e28d671b2f, type: 2}
      propertyPath: m_LocalPosition.y
      value: 0
      objectReference: {fileID: 0}
    - target: {fileID: 400004, guid: 691bf3e71b387435bb6304e28d671b2f, type: 2}
      propertyPath: m_LocalPosition.z
      value: 0
      objectReference: {fileID: 0}
    - target: {fileID: 400004, guid: 691bf3e71b387435bb6304e28d671b2f, type: 2}
      propertyPath: m_LocalRotation.x
      value: 0
      objectReference: {fileID: 0}
    - target: {fileID: 400004, guid: 691bf3e71b387435bb6304e28d671b2f, type: 2}
      propertyPath: m_LocalRotation.y
      value: 0
      objectReference: {fileID: 0}
    - target: {fileID: 400004, guid: 691bf3e71b387435bb6304e28d671b2f, type: 2}
      propertyPath: m_LocalRotation.z
      value: 0
      objectReference: {fileID: 0}
    - target: {fileID: 400004, guid: 691bf3e71b387435bb6304e28d671b2f, type: 2}
      propertyPath: m_LocalRotation.w
      value: 1
      objectReference: {fileID: 0}
    - target: {fileID: 400004, guid: 691bf3e71b387435bb6304e28d671b2f, type: 2}
      propertyPath: m_RootOrder
      value: 0
      objectReference: {fileID: 0}
    - target: {fileID: 400004, guid: 691bf3e71b387435bb6304e28d671b2f, type: 2}
      propertyPath: m_LocalScale.x
      value: 1
      objectReference: {fileID: 0}
    - target: {fileID: 400004, guid: 691bf3e71b387435bb6304e28d671b2f, type: 2}
      propertyPath: m_LocalScale.y
      value: 1
      objectReference: {fileID: 0}
    - target: {fileID: 400004, guid: 691bf3e71b387435bb6304e28d671b2f, type: 2}
      propertyPath: m_LocalScale.z
      value: 1
      objectReference: {fileID: 0}
    - target: {fileID: 11400004, guid: 691bf3e71b387435bb6304e28d671b2f, type: 2}
      propertyPath: trackPosition
      value: 0
      objectReference: {fileID: 0}
    - target: {fileID: 11400004, guid: 691bf3e71b387435bb6304e28d671b2f, type: 2}
      propertyPath: updateEarly
      value: 1
      objectReference: {fileID: 0}
    - target: {fileID: 2000000, guid: 691bf3e71b387435bb6304e28d671b2f, type: 2}
      propertyPath: m_ClearFlags
      value: 2
      objectReference: {fileID: 0}
    - target: {fileID: 2000002, guid: 691bf3e71b387435bb6304e28d671b2f, type: 2}
      propertyPath: m_ClearFlags
      value: 2
      objectReference: {fileID: 0}
    - target: {fileID: 2000004, guid: 691bf3e71b387435bb6304e28d671b2f, type: 2}
      propertyPath: m_ClearFlags
      value: 2
      objectReference: {fileID: 0}
    - target: {fileID: 2000000, guid: 691bf3e71b387435bb6304e28d671b2f, type: 2}
      propertyPath: m_BackGroundColor.r
      value: 0
      objectReference: {fileID: 0}
    - target: {fileID: 2000000, guid: 691bf3e71b387435bb6304e28d671b2f, type: 2}
      propertyPath: m_BackGroundColor.g
      value: 0
      objectReference: {fileID: 0}
    - target: {fileID: 2000000, guid: 691bf3e71b387435bb6304e28d671b2f, type: 2}
      propertyPath: m_BackGroundColor.b
      value: 0
      objectReference: {fileID: 0}
    - target: {fileID: 2000000, guid: 691bf3e71b387435bb6304e28d671b2f, type: 2}
      propertyPath: m_BackGroundColor.a
      value: 1
      objectReference: {fileID: 0}
    - target: {fileID: 2000002, guid: 691bf3e71b387435bb6304e28d671b2f, type: 2}
      propertyPath: m_BackGroundColor.r
      value: 0
      objectReference: {fileID: 0}
    - target: {fileID: 2000002, guid: 691bf3e71b387435bb6304e28d671b2f, type: 2}
      propertyPath: m_BackGroundColor.g
      value: 0
      objectReference: {fileID: 0}
    - target: {fileID: 2000002, guid: 691bf3e71b387435bb6304e28d671b2f, type: 2}
      propertyPath: m_BackGroundColor.b
      value: 0
      objectReference: {fileID: 0}
    - target: {fileID: 2000002, guid: 691bf3e71b387435bb6304e28d671b2f, type: 2}
      propertyPath: m_BackGroundColor.a
      value: 1
      objectReference: {fileID: 0}
    - target: {fileID: 2000004, guid: 691bf3e71b387435bb6304e28d671b2f, type: 2}
      propertyPath: m_BackGroundColor.r
      value: 0
      objectReference: {fileID: 0}
    - target: {fileID: 2000004, guid: 691bf3e71b387435bb6304e28d671b2f, type: 2}
      propertyPath: m_BackGroundColor.g
      value: 0
      objectReference: {fileID: 0}
    - target: {fileID: 2000004, guid: 691bf3e71b387435bb6304e28d671b2f, type: 2}
      propertyPath: m_BackGroundColor.b
      value: 0
      objectReference: {fileID: 0}
    - target: {fileID: 2000004, guid: 691bf3e71b387435bb6304e28d671b2f, type: 2}
      propertyPath: m_BackGroundColor.a
      value: 1
      objectReference: {fileID: 0}
    - target: {fileID: 2000000, guid: 691bf3e71b387435bb6304e28d671b2f, type: 2}
      propertyPath: near clip plane
      value: 0.05
      objectReference: {fileID: 0}
    - target: {fileID: 2000002, guid: 691bf3e71b387435bb6304e28d671b2f, type: 2}
      propertyPath: near clip plane
      value: 0.05
      objectReference: {fileID: 0}
    - target: {fileID: 2000004, guid: 691bf3e71b387435bb6304e28d671b2f, type: 2}
      propertyPath: near clip plane
      value: 0.05
      objectReference: {fileID: 0}
    - target: {fileID: 2000004, guid: 691bf3e71b387435bb6304e28d671b2f, type: 2}
      propertyPath: m_Depth
      value: 10
      objectReference: {fileID: 0}
    - target: {fileID: 11400006, guid: 691bf3e71b387435bb6304e28d671b2f, type: 2}
      propertyPath: keepStereoUpdated
      value: 1
      objectReference: {fileID: 0}
    - target: {fileID: 2000000, guid: 691bf3e71b387435bb6304e28d671b2f, type: 2}
      propertyPath: m_Depth
      value: 10
      objectReference: {fileID: 0}
    - target: {fileID: 2000002, guid: 691bf3e71b387435bb6304e28d671b2f, type: 2}
      propertyPath: m_Depth
      value: 10
      objectReference: {fileID: 0}
    - target: {fileID: 100006, guid: 691bf3e71b387435bb6304e28d671b2f, type: 2}
      propertyPath: m_TagString
      value: MainCamera
      objectReference: {fileID: 0}
    - target: {fileID: 11400004, guid: 691bf3e71b387435bb6304e28d671b2f, type: 2}
      propertyPath: trackRotation
      value: 1
      objectReference: {fileID: 0}
    - target: {fileID: 2000004, guid: 691bf3e71b387435bb6304e28d671b2f, type: 2}
      propertyPath: far clip plane
      value: 1000
      objectReference: {fileID: 0}
    - target: {fileID: 2000002, guid: 691bf3e71b387435bb6304e28d671b2f, type: 2}
      propertyPath: far clip plane
      value: 1000
      objectReference: {fileID: 0}
    - target: {fileID: 2000000, guid: 691bf3e71b387435bb6304e28d671b2f, type: 2}
      propertyPath: far clip plane
      value: 1000
      objectReference: {fileID: 0}
    m_RemovedComponents:
    - {fileID: 11427708, guid: 691bf3e71b387435bb6304e28d671b2f, type: 2}
  m_ParentPrefab: {fileID: 100100000, guid: 691bf3e71b387435bb6304e28d671b2f, type: 2}
  m_IsPrefabParent: 0
--- !u!4 &299562418 stripped
Transform:
  m_PrefabParentObject: {fileID: 400004, guid: 691bf3e71b387435bb6304e28d671b2f, type: 2}
  m_PrefabInternal: {fileID: 299562417}
--- !u!20 &299562419 stripped
Camera:
  m_PrefabParentObject: {fileID: 2000000, guid: 691bf3e71b387435bb6304e28d671b2f,
    type: 2}
  m_PrefabInternal: {fileID: 299562417}
--- !u!1 &299562420 stripped
GameObject:
  m_PrefabParentObject: {fileID: 100000, guid: 691bf3e71b387435bb6304e28d671b2f, type: 2}
  m_PrefabInternal: {fileID: 299562417}
--- !u!4 &299562421 stripped
Transform:
  m_PrefabParentObject: {fileID: 400002, guid: 691bf3e71b387435bb6304e28d671b2f, type: 2}
  m_PrefabInternal: {fileID: 299562417}
--- !u!1 &299562422 stripped
GameObject:
  m_PrefabParentObject: {fileID: 100002, guid: 691bf3e71b387435bb6304e28d671b2f, type: 2}
  m_PrefabInternal: {fileID: 299562417}
--- !u!20 &299562423 stripped
Camera:
  m_PrefabParentObject: {fileID: 2000002, guid: 691bf3e71b387435bb6304e28d671b2f,
    type: 2}
  m_PrefabInternal: {fileID: 299562417}
--- !u!114 &299562424
MonoBehaviour:
  m_ObjectHideFlags: 0
  m_PrefabParentObject: {fileID: 0}
  m_PrefabInternal: {fileID: 0}
  m_GameObject: {fileID: 299562420}
  m_Enabled: 1
  m_EditorHideFlags: 0
  m_Script: {fileID: 11500000, guid: 4d4add68fcad15844891a06f869084d0, type: 3}
  m_Name: 
  m_EditorClassIdentifier: 
  matteShader: {fileID: 4800000, guid: f84e93cca971cda47a225f4c6a4156c9, type: 3}
  clippingMode: 0
--- !u!114 &299562425
MonoBehaviour:
  m_ObjectHideFlags: 0
  m_PrefabParentObject: {fileID: 0}
  m_PrefabInternal: {fileID: 0}
  m_GameObject: {fileID: 299562420}
  m_Enabled: 1
  m_EditorHideFlags: 0
  m_Script: {fileID: 11500000, guid: a82d9a4bfbaccce4298a2b72f6a03f8c, type: 3}
  m_Name: 
  m_EditorClassIdentifier: 
--- !u!114 &299562426
MonoBehaviour:
  m_ObjectHideFlags: 0
  m_PrefabParentObject: {fileID: 0}
  m_PrefabInternal: {fileID: 0}
  m_GameObject: {fileID: 299562422}
  m_Enabled: 1
  m_EditorHideFlags: 0
  m_Script: {fileID: 11500000, guid: 4d4add68fcad15844891a06f869084d0, type: 3}
  m_Name: 
  m_EditorClassIdentifier: 
  matteShader: {fileID: 4800000, guid: f84e93cca971cda47a225f4c6a4156c9, type: 3}
  clippingMode: 0
--- !u!114 &299562427
MonoBehaviour:
  m_ObjectHideFlags: 0
  m_PrefabParentObject: {fileID: 0}
  m_PrefabInternal: {fileID: 0}
  m_GameObject: {fileID: 299562422}
  m_Enabled: 1
  m_EditorHideFlags: 0
  m_Script: {fileID: 11500000, guid: a82d9a4bfbaccce4298a2b72f6a03f8c, type: 3}
  m_Name: 
  m_EditorClassIdentifier: 
--- !u!1 &336092153
GameObject:
  m_ObjectHideFlags: 0
  m_PrefabParentObject: {fileID: 0}
  m_PrefabInternal: {fileID: 0}
  serializedVersion: 4
  m_Component:
  - 4: {fileID: 336092157}
  - 114: {fileID: 336092156}
  - 114: {fileID: 336092158}
  - 114: {fileID: 336092155}
  - 114: {fileID: 336092154}
  m_Layer: 0
  m_Name: EventSystem
  m_TagString: Untagged
  m_Icon: {fileID: 0}
  m_NavMeshLayer: 0
  m_StaticEditorFlags: 0
  m_IsActive: 1
--- !u!114 &336092154
MonoBehaviour:
  m_ObjectHideFlags: 0
  m_PrefabParentObject: {fileID: 0}
  m_PrefabInternal: {fileID: 0}
  m_GameObject: {fileID: 336092153}
  m_Enabled: 1
  m_EditorHideFlags: 0
  m_Script: {fileID: 1997211142, guid: f5f67c52d1564df4a8936ccd202a3bd8, type: 3}
  m_Name: 
  m_EditorClassIdentifier: 
  m_ForceModuleActive: 0
--- !u!114 &336092155
MonoBehaviour:
  m_ObjectHideFlags: 0
  m_PrefabParentObject: {fileID: 0}
  m_PrefabInternal: {fileID: 0}
  m_GameObject: {fileID: 336092153}
  m_Enabled: 1
  m_EditorHideFlags: 0
  m_Script: {fileID: 1077351063, guid: f5f67c52d1564df4a8936ccd202a3bd8, type: 3}
  m_Name: 
  m_EditorClassIdentifier: 
  m_HorizontalAxis: Horizontal
  m_VerticalAxis: Vertical
  m_SubmitButton: Submit
  m_CancelButton: Cancel
  m_InputActionsPerSecond: 10
  m_RepeatDelay: 0.5
  m_ForceModuleActive: 0
--- !u!114 &336092156
MonoBehaviour:
  m_ObjectHideFlags: 0
  m_PrefabParentObject: {fileID: 0}
  m_PrefabInternal: {fileID: 0}
  m_GameObject: {fileID: 336092153}
  m_Enabled: 1
  m_EditorHideFlags: 0
  m_Script: {fileID: -619905303, guid: f5f67c52d1564df4a8936ccd202a3bd8, type: 3}
  m_Name: 
  m_EditorClassIdentifier: 
  m_FirstSelected: {fileID: 0}
  m_sendNavigationEvents: 1
  m_DragThreshold: 5
--- !u!4 &336092157
Transform:
  m_ObjectHideFlags: 0
  m_PrefabParentObject: {fileID: 0}
  m_PrefabInternal: {fileID: 0}
  m_GameObject: {fileID: 336092153}
  m_LocalRotation: {x: 0, y: 0, z: 0, w: 1}
  m_LocalPosition: {x: 0, y: 0, z: 0}
  m_LocalScale: {x: 1, y: 1, z: 1}
  m_Children: []
  m_Father: {fileID: 0}
  m_RootOrder: 0
--- !u!114 &336092158
MonoBehaviour:
  m_ObjectHideFlags: 0
  m_PrefabParentObject: {fileID: 0}
  m_PrefabInternal: {fileID: 0}
  m_GameObject: {fileID: 336092153}
  m_Enabled: 0
  m_EditorHideFlags: 0
  m_Script: {fileID: 11500000, guid: b1bb4e1b2a0a04d2ea3b96ff7e05685c, type: 3}
  m_Name: 
  m_EditorClassIdentifier: 
  vrModeOnly: 0
  clickTime: 0.1
  hotspot: {x: 0.5, y: 0.5}
--- !u!1 &367019127
GameObject:
  m_ObjectHideFlags: 0
  m_PrefabParentObject: {fileID: 0}
  m_PrefabInternal: {fileID: 0}
  serializedVersion: 4
  m_Component:
  - 4: {fileID: 367019129}
  - 114: {fileID: 367019128}
  m_Layer: 0
  m_Name: ARController
  m_TagString: Untagged
  m_Icon: {fileID: 0}
  m_NavMeshLayer: 0
  m_StaticEditorFlags: 0
  m_IsActive: 1
--- !u!114 &367019128
MonoBehaviour:
  m_ObjectHideFlags: 0
  m_PrefabParentObject: {fileID: 0}
  m_PrefabInternal: {fileID: 0}
  m_GameObject: {fileID: 367019127}
  m_Enabled: 1
  m_EditorHideFlags: 0
  m_Script: {fileID: 11500000, guid: cdcf4e5705229455dbc5eeb595da4e3c, type: 3}
  m_Name: 
  m_EditorClassIdentifier: 
  startEnabled: 1
  transitionDuration: 1.5
--- !u!4 &367019129
Transform:
  m_ObjectHideFlags: 0
  m_PrefabParentObject: {fileID: 0}
  m_PrefabInternal: {fileID: 0}
  m_GameObject: {fileID: 367019127}
  m_LocalRotation: {x: 0, y: 0, z: 0, w: 1}
  m_LocalPosition: {x: 0.41298628, y: 1.4707706, z: 0.75972295}
  m_LocalScale: {x: 1, y: 1, z: 1}
  m_Children: []
  m_Father: {fileID: 0}
  m_RootOrder: 2
--- !u!1 &430392114
GameObject:
  m_ObjectHideFlags: 0
  m_PrefabParentObject: {fileID: 149022, guid: 82ff44c44057dae48bb0426f644dc8fa, type: 2}
  m_PrefabInternal: {fileID: 0}
  serializedVersion: 4
  m_Component:
  - 4: {fileID: 430392115}
  - 33: {fileID: 430392119}
  - 64: {fileID: 430392118}
  - 23: {fileID: 430392117}
  - 114: {fileID: 430392116}
  m_Layer: 0
  m_Name: left
  m_TagString: Untagged
  m_Icon: {fileID: 0}
  m_NavMeshLayer: 0
  m_StaticEditorFlags: 0
  m_IsActive: 0
--- !u!4 &430392115
Transform:
  m_ObjectHideFlags: 0
  m_PrefabParentObject: {fileID: 437532, guid: 82ff44c44057dae48bb0426f644dc8fa, type: 2}
  m_PrefabInternal: {fileID: 0}
  m_GameObject: {fileID: 430392114}
  m_LocalRotation: {x: 0, y: -1, z: 0, w: -0.00000004371139}
  m_LocalPosition: {x: -3000, y: -2, z: -159.00003}
  m_LocalScale: {x: 5000.002, y: 10000.002, z: 5}
  m_Children: []
  m_Father: {fileID: 2050789978}
  m_RootOrder: 1
--- !u!114 &430392116
MonoBehaviour:
  m_ObjectHideFlags: 0
  m_PrefabParentObject: {fileID: 11443642, guid: 82ff44c44057dae48bb0426f644dc8fa,
    type: 2}
  m_PrefabInternal: {fileID: 0}
  m_GameObject: {fileID: 430392114}
  m_Enabled: 0
  m_EditorHideFlags: 0
  m_Script: {fileID: 11500000, guid: 9d6c4ff938ae1f94684e14f1d399fbe7, type: 3}
  m_Name: 
  m_EditorClassIdentifier: 
  startPoint: {fileID: 0}
  endPoint: {fileID: 0}
--- !u!23 &430392117
MeshRenderer:
  m_ObjectHideFlags: 0
  m_PrefabParentObject: {fileID: 2319056, guid: 82ff44c44057dae48bb0426f644dc8fa,
    type: 2}
  m_PrefabInternal: {fileID: 0}
  m_GameObject: {fileID: 430392114}
  m_Enabled: 1
  m_CastShadows: 1
  m_ReceiveShadows: 1
  m_Materials:
  - {fileID: 2100000, guid: 455f05dac9ce3dc4781211d3e804a687, type: 2}
  m_SubsetIndices: 
  m_StaticBatchRoot: {fileID: 0}
  m_UseLightProbes: 0
  m_ReflectionProbeUsage: 1
  m_ProbeAnchor: {fileID: 0}
  m_ScaleInLightmap: 1
  m_PreserveUVs: 0
  m_IgnoreNormalsForChartDetection: 0
  m_ImportantGI: 0
  m_MinimumChartSize: 4
  m_AutoUVMaxDistance: 0.5
  m_AutoUVMaxAngle: 89
  m_LightmapParameters: {fileID: 0}
  m_SortingLayerID: 0
  m_SortingOrder: 0
--- !u!64 &430392118
MeshCollider:
  m_ObjectHideFlags: 0
  m_PrefabParentObject: {fileID: 6456564, guid: 82ff44c44057dae48bb0426f644dc8fa,
    type: 2}
  m_PrefabInternal: {fileID: 0}
  m_GameObject: {fileID: 430392114}
  m_Material: {fileID: 0}
  m_IsTrigger: 0
  m_Enabled: 1
  serializedVersion: 2
  m_Convex: 0
  m_Mesh: {fileID: 10210, guid: 0000000000000000e000000000000000, type: 0}
--- !u!33 &430392119
MeshFilter:
  m_ObjectHideFlags: 0
  m_PrefabParentObject: {fileID: 3343926, guid: 82ff44c44057dae48bb0426f644dc8fa,
    type: 2}
  m_PrefabInternal: {fileID: 0}
  m_GameObject: {fileID: 430392114}
  m_Mesh: {fileID: 10210, guid: 0000000000000000e000000000000000, type: 0}
--- !u!1 &462610857
GameObject:
  m_ObjectHideFlags: 0
  m_PrefabParentObject: {fileID: 0}
  m_PrefabInternal: {fileID: 0}
  serializedVersion: 4
  m_Component:
  - 4: {fileID: 462610858}
  m_Layer: 0
  m_Name: HeadMount
  m_TagString: Untagged
  m_Icon: {fileID: 0}
  m_NavMeshLayer: 0
  m_StaticEditorFlags: 0
  m_IsActive: 1
--- !u!4 &462610858
Transform:
  m_ObjectHideFlags: 0
  m_PrefabParentObject: {fileID: 0}
  m_PrefabInternal: {fileID: 0}
  m_GameObject: {fileID: 462610857}
  m_LocalRotation: {x: 0, y: 0, z: 0, w: 1}
  m_LocalPosition: {x: 0, y: 2, z: 0}
  m_LocalScale: {x: 1, y: 1, z: 1}
  m_Children:
  - {fileID: 299562418}
  m_Father: {fileID: 22604883}
  m_RootOrder: 0
--- !u!1 &476462328
GameObject:
  m_ObjectHideFlags: 0
  m_PrefabParentObject: {fileID: 181742, guid: 82ff44c44057dae48bb0426f644dc8fa, type: 2}
  m_PrefabInternal: {fileID: 0}
  serializedVersion: 4
  m_Component:
  - 224: {fileID: 476462329}
  - 222: {fileID: 476462332}
  - 114: {fileID: 476462331}
  - 114: {fileID: 476462330}
  m_Layer: 0
  m_Name: Button
  m_TagString: Untagged
  m_Icon: {fileID: 0}
  m_NavMeshLayer: 0
  m_StaticEditorFlags: 0
  m_IsActive: 1
--- !u!224 &476462329
RectTransform:
  m_ObjectHideFlags: 0
  m_PrefabParentObject: {fileID: 22474046, guid: 82ff44c44057dae48bb0426f644dc8fa,
    type: 2}
  m_PrefabInternal: {fileID: 0}
  m_GameObject: {fileID: 476462328}
  m_LocalRotation: {x: 0, y: 0, z: 0.7071068, w: 0.7071068}
  m_LocalPosition: {x: 0, y: 0, z: 0}
  m_LocalScale: {x: 1, y: 1, z: 1}
  m_Children:
  - {fileID: 1065043703}
  m_Father: {fileID: 737073004}
  m_RootOrder: 0
  m_AnchorMin: {x: 0.5, y: 0.5}
  m_AnchorMax: {x: 0.5, y: 0.5}
  m_AnchoredPosition: {x: 0, y: -0.117}
  m_SizeDelta: {x: 0.26000005, y: 1}
  m_Pivot: {x: 0.5, y: 0.5}
--- !u!114 &476462330
MonoBehaviour:
  m_ObjectHideFlags: 0
  m_PrefabParentObject: {fileID: 11444128, guid: 82ff44c44057dae48bb0426f644dc8fa,
    type: 2}
  m_PrefabInternal: {fileID: 0}
  m_GameObject: {fileID: 476462328}
  m_Enabled: 1
  m_EditorHideFlags: 0
  m_Script: {fileID: 1392445389, guid: f5f67c52d1564df4a8936ccd202a3bd8, type: 3}
  m_Name: 
  m_EditorClassIdentifier: 
  m_Navigation:
    m_Mode: 3
    m_SelectOnUp: {fileID: 0}
    m_SelectOnDown: {fileID: 0}
    m_SelectOnLeft: {fileID: 0}
    m_SelectOnRight: {fileID: 0}
  m_Transition: 1
  m_Colors:
    m_NormalColor: {r: 1, g: 1, b: 1, a: 1}
    m_HighlightedColor: {r: 1, g: 0, b: 0, a: 1}
    m_PressedColor: {r: 0.78431374, g: 0.78431374, b: 0.78431374, a: 1}
    m_DisabledColor: {r: 0.78431374, g: 0.78431374, b: 0.78431374, a: 0.5019608}
    m_ColorMultiplier: 1
    m_FadeDuration: 0.1
  m_SpriteState:
    m_HighlightedSprite: {fileID: 0}
    m_PressedSprite: {fileID: 0}
    m_DisabledSprite: {fileID: 0}
  m_AnimationTriggers:
    m_NormalTrigger: Normal
    m_HighlightedTrigger: Highlighted
    m_PressedTrigger: Pressed
    m_DisabledTrigger: Disabled
  m_Interactable: 1
  m_TargetGraphic: {fileID: 476462331}
  m_OnClick:
    m_PersistentCalls:
      m_Calls: []
    m_TypeName: UnityEngine.UI.Button+ButtonClickedEvent, UnityEngine.UI, Version=1.0.0.0,
      Culture=neutral, PublicKeyToken=null
--- !u!114 &476462331
MonoBehaviour:
  m_ObjectHideFlags: 0
  m_PrefabParentObject: {fileID: 11460370, guid: 82ff44c44057dae48bb0426f644dc8fa,
    type: 2}
  m_PrefabInternal: {fileID: 0}
  m_GameObject: {fileID: 476462328}
  m_Enabled: 1
  m_EditorHideFlags: 0
  m_Script: {fileID: -765806418, guid: f5f67c52d1564df4a8936ccd202a3bd8, type: 3}
  m_Name: 
  m_EditorClassIdentifier: 
  m_Material: {fileID: 0}
  m_Color: {r: 1, g: 1, b: 1, a: 1}
  m_RaycastTarget: 1
  m_OnCullStateChanged:
    m_PersistentCalls:
      m_Calls: []
    m_TypeName: UnityEngine.UI.MaskableGraphic+CullStateChangedEvent, UnityEngine.UI,
      Version=1.0.0.0, Culture=neutral, PublicKeyToken=null
  m_Sprite: {fileID: 10905, guid: 0000000000000000f000000000000000, type: 0}
  m_Type: 1
  m_PreserveAspect: 0
  m_FillCenter: 1
  m_FillMethod: 4
  m_FillAmount: 1
  m_FillClockwise: 1
  m_FillOrigin: 0
--- !u!222 &476462332
CanvasRenderer:
  m_ObjectHideFlags: 0
  m_PrefabParentObject: {fileID: 22293408, guid: 82ff44c44057dae48bb0426f644dc8fa,
    type: 2}
  m_PrefabInternal: {fileID: 0}
  m_GameObject: {fileID: 476462328}
--- !u!1 &492845297 stripped
GameObject:
  m_PrefabParentObject: {fileID: 100006, guid: 691bf3e71b387435bb6304e28d671b2f, type: 2}
  m_PrefabInternal: {fileID: 299562417}
--- !u!114 &492845298
MonoBehaviour:
  m_ObjectHideFlags: 0
  m_PrefabParentObject: {fileID: 0}
  m_PrefabInternal: {fileID: 0}
  m_GameObject: {fileID: 492845297}
  m_Enabled: 1
  m_EditorHideFlags: 0
  m_Script: {fileID: -768656878, guid: f5f67c52d1564df4a8936ccd202a3bd8, type: 3}
  m_Name: 
  m_EditorClassIdentifier: 
  m_EventMask:
    serializedVersion: 2
    m_Bits: 4294967295
--- !u!1 &520427336
GameObject:
  m_ObjectHideFlags: 0
  m_PrefabParentObject: {fileID: 159288, guid: 82ff44c44057dae48bb0426f644dc8fa, type: 2}
  m_PrefabInternal: {fileID: 0}
  serializedVersion: 4
  m_Component:
  - 4: {fileID: 520427337}
  - 33: {fileID: 520427341}
  - 64: {fileID: 520427340}
  - 23: {fileID: 520427339}
  - 114: {fileID: 520427338}
  m_Layer: 0
  m_Name: Right
  m_TagString: Untagged
  m_Icon: {fileID: 0}
  m_NavMeshLayer: 0
  m_StaticEditorFlags: 0
  m_IsActive: 0
--- !u!4 &520427337
Transform:
  m_ObjectHideFlags: 0
  m_PrefabParentObject: {fileID: 420634, guid: 82ff44c44057dae48bb0426f644dc8fa, type: 2}
  m_PrefabInternal: {fileID: 0}
  m_GameObject: {fileID: 520427336}
  m_LocalRotation: {x: 0, y: -1, z: 0, w: -0.00000004371139}
  m_LocalPosition: {x: 3000, y: -2, z: -159}
  m_LocalScale: {x: 5000, y: 10000, z: 5}
  m_Children: []
  m_Father: {fileID: 2050789978}
  m_RootOrder: 0
--- !u!114 &520427338
MonoBehaviour:
  m_ObjectHideFlags: 0
  m_PrefabParentObject: {fileID: 11424860, guid: 82ff44c44057dae48bb0426f644dc8fa,
    type: 2}
  m_PrefabInternal: {fileID: 0}
  m_GameObject: {fileID: 520427336}
  m_Enabled: 0
  m_EditorHideFlags: 0
  m_Script: {fileID: 11500000, guid: 9d6c4ff938ae1f94684e14f1d399fbe7, type: 3}
  m_Name: 
  m_EditorClassIdentifier: 
  startPoint: {fileID: 0}
  endPoint: {fileID: 0}
--- !u!23 &520427339
MeshRenderer:
  m_ObjectHideFlags: 0
  m_PrefabParentObject: {fileID: 2322754, guid: 82ff44c44057dae48bb0426f644dc8fa,
    type: 2}
  m_PrefabInternal: {fileID: 0}
  m_GameObject: {fileID: 520427336}
  m_Enabled: 1
  m_CastShadows: 1
  m_ReceiveShadows: 1
  m_Materials:
  - {fileID: 2100000, guid: 455f05dac9ce3dc4781211d3e804a687, type: 2}
  m_SubsetIndices: 
  m_StaticBatchRoot: {fileID: 0}
  m_UseLightProbes: 0
  m_ReflectionProbeUsage: 1
  m_ProbeAnchor: {fileID: 0}
  m_ScaleInLightmap: 1
  m_PreserveUVs: 0
  m_IgnoreNormalsForChartDetection: 0
  m_ImportantGI: 0
  m_MinimumChartSize: 4
  m_AutoUVMaxDistance: 0.5
  m_AutoUVMaxAngle: 89
  m_LightmapParameters: {fileID: 0}
  m_SortingLayerID: 0
  m_SortingOrder: 0
--- !u!64 &520427340
MeshCollider:
  m_ObjectHideFlags: 0
  m_PrefabParentObject: {fileID: 6462452, guid: 82ff44c44057dae48bb0426f644dc8fa,
    type: 2}
  m_PrefabInternal: {fileID: 0}
  m_GameObject: {fileID: 520427336}
  m_Material: {fileID: 0}
  m_IsTrigger: 0
  m_Enabled: 1
  serializedVersion: 2
  m_Convex: 0
  m_Mesh: {fileID: 10210, guid: 0000000000000000e000000000000000, type: 0}
--- !u!33 &520427341
MeshFilter:
  m_ObjectHideFlags: 0
  m_PrefabParentObject: {fileID: 3345878, guid: 82ff44c44057dae48bb0426f644dc8fa,
    type: 2}
  m_PrefabInternal: {fileID: 0}
  m_GameObject: {fileID: 520427336}
  m_Mesh: {fileID: 10210, guid: 0000000000000000e000000000000000, type: 0}
--- !u!1 &525271834
GameObject:
  m_ObjectHideFlags: 0
  m_PrefabParentObject: {fileID: 106196, guid: 82ff44c44057dae48bb0426f644dc8fa, type: 2}
  m_PrefabInternal: {fileID: 0}
  serializedVersion: 4
  m_Component:
  - 4: {fileID: 525271835}
  - 33: {fileID: 525271838}
  - 65: {fileID: 525271837}
  - 23: {fileID: 525271836}
  - 114: {fileID: 525271839}
  m_Layer: 0
  m_Name: Cube (3)
  m_TagString: Exit Object
  m_Icon: {fileID: 0}
  m_NavMeshLayer: 0
  m_StaticEditorFlags: 0
  m_IsActive: 1
--- !u!4 &525271835
Transform:
  m_ObjectHideFlags: 0
  m_PrefabParentObject: {fileID: 425834, guid: 82ff44c44057dae48bb0426f644dc8fa, type: 2}
  m_PrefabInternal: {fileID: 0}
  m_GameObject: {fileID: 525271834}
  m_LocalRotation: {x: 0, y: 0, z: 0, w: 1}
  m_LocalPosition: {x: 0.4, y: 0, z: 0.4}
  m_LocalScale: {x: 0.125, y: 0.125, z: 0.125}
  m_Children: []
  m_Father: {fileID: 774945699}
  m_RootOrder: 5
--- !u!23 &525271836
MeshRenderer:
  m_ObjectHideFlags: 0
  m_PrefabParentObject: {fileID: 2305464, guid: 82ff44c44057dae48bb0426f644dc8fa,
    type: 2}
  m_PrefabInternal: {fileID: 0}
  m_GameObject: {fileID: 525271834}
  m_Enabled: 1
  m_CastShadows: 1
  m_ReceiveShadows: 1
  m_Materials:
  - {fileID: 10303, guid: 0000000000000000f000000000000000, type: 0}
  m_SubsetIndices: 
  m_StaticBatchRoot: {fileID: 0}
  m_UseLightProbes: 1
  m_ReflectionProbeUsage: 1
  m_ProbeAnchor: {fileID: 0}
  m_ScaleInLightmap: 1
  m_PreserveUVs: 1
  m_IgnoreNormalsForChartDetection: 0
  m_ImportantGI: 0
  m_MinimumChartSize: 4
  m_AutoUVMaxDistance: 0.5
  m_AutoUVMaxAngle: 89
  m_LightmapParameters: {fileID: 0}
  m_SortingLayerID: 0
  m_SortingOrder: 0
--- !u!65 &525271837
BoxCollider:
  m_ObjectHideFlags: 0
  m_PrefabParentObject: {fileID: 6549646, guid: 82ff44c44057dae48bb0426f644dc8fa,
    type: 2}
  m_PrefabInternal: {fileID: 0}
  m_GameObject: {fileID: 525271834}
  m_Material: {fileID: 0}
  m_IsTrigger: 0
  m_Enabled: 1
  serializedVersion: 2
  m_Size: {x: 1, y: 1, z: 1}
  m_Center: {x: 0, y: 0, z: 0}
--- !u!33 &525271838
MeshFilter:
  m_ObjectHideFlags: 0
  m_PrefabParentObject: {fileID: 3351616, guid: 82ff44c44057dae48bb0426f644dc8fa,
    type: 2}
  m_PrefabInternal: {fileID: 0}
  m_GameObject: {fileID: 525271834}
  m_Mesh: {fileID: 10202, guid: 0000000000000000e000000000000000, type: 0}
--- !u!114 &525271839
MonoBehaviour:
  m_ObjectHideFlags: 0
  m_PrefabParentObject: {fileID: 0}
  m_PrefabInternal: {fileID: 0}
  m_GameObject: {fileID: 525271834}
  m_Enabled: 1
  m_EditorHideFlags: 0
  m_Script: {fileID: 11500000, guid: 52c6786ee7d093140a746d141466e78b, type: 3}
  m_Name: 
  m_EditorClassIdentifier: 
--- !u!1 &674155422
GameObject:
  m_ObjectHideFlags: 0
  m_PrefabParentObject: {fileID: 126496, guid: 82ff44c44057dae48bb0426f644dc8fa, type: 2}
  m_PrefabInternal: {fileID: 0}
  serializedVersion: 4
  m_Component:
  - 4: {fileID: 674155423}
  - 33: {fileID: 674155427}
  - 64: {fileID: 674155426}
  - 23: {fileID: 674155425}
  - 114: {fileID: 674155424}
  m_Layer: 0
  m_Name: Over
  m_TagString: Untagged
  m_Icon: {fileID: 0}
  m_NavMeshLayer: 0
  m_StaticEditorFlags: 0
  m_IsActive: 1
--- !u!4 &674155423
Transform:
  m_ObjectHideFlags: 0
  m_PrefabParentObject: {fileID: 421598, guid: 82ff44c44057dae48bb0426f644dc8fa, type: 2}
  m_PrefabInternal: {fileID: 0}
  m_GameObject: {fileID: 674155422}
  m_LocalRotation: {x: -0.7071068, y: -0.7071068, z: 0, w: 0}
  m_LocalPosition: {x: 0, y: 0, z: 1}
  m_LocalScale: {x: 1050, y: 1050, z: 5}
  m_Children: []
  m_Father: {fileID: 2050789978}
  m_RootOrder: 4
--- !u!114 &674155424
MonoBehaviour:
  m_ObjectHideFlags: 0
  m_PrefabParentObject: {fileID: 11468516, guid: 82ff44c44057dae48bb0426f644dc8fa,
    type: 2}
  m_PrefabInternal: {fileID: 0}
  m_GameObject: {fileID: 674155422}
  m_Enabled: 0
  m_EditorHideFlags: 0
  m_Script: {fileID: 11500000, guid: 9d6c4ff938ae1f94684e14f1d399fbe7, type: 3}
  m_Name: 
  m_EditorClassIdentifier: 
  startPoint: {fileID: 0}
  endPoint: {fileID: 0}
--- !u!23 &674155425
MeshRenderer:
  m_ObjectHideFlags: 0
  m_PrefabParentObject: {fileID: 2303816, guid: 82ff44c44057dae48bb0426f644dc8fa,
    type: 2}
  m_PrefabInternal: {fileID: 0}
  m_GameObject: {fileID: 674155422}
  m_Enabled: 1
  m_CastShadows: 1
  m_ReceiveShadows: 1
  m_Materials:
  - {fileID: 2100000, guid: 455f05dac9ce3dc4781211d3e804a687, type: 2}
  m_SubsetIndices: 
  m_StaticBatchRoot: {fileID: 0}
  m_UseLightProbes: 0
  m_ReflectionProbeUsage: 1
  m_ProbeAnchor: {fileID: 0}
  m_ScaleInLightmap: 1
  m_PreserveUVs: 0
  m_IgnoreNormalsForChartDetection: 0
  m_ImportantGI: 0
  m_MinimumChartSize: 4
  m_AutoUVMaxDistance: 0.5
  m_AutoUVMaxAngle: 89
  m_LightmapParameters: {fileID: 0}
  m_SortingLayerID: 0
  m_SortingOrder: 0
--- !u!64 &674155426
MeshCollider:
  m_ObjectHideFlags: 0
  m_PrefabParentObject: {fileID: 6426020, guid: 82ff44c44057dae48bb0426f644dc8fa,
    type: 2}
  m_PrefabInternal: {fileID: 0}
  m_GameObject: {fileID: 674155422}
  m_Material: {fileID: 0}
  m_IsTrigger: 0
  m_Enabled: 1
  serializedVersion: 2
  m_Convex: 0
  m_Mesh: {fileID: 10210, guid: 0000000000000000e000000000000000, type: 0}
--- !u!33 &674155427
MeshFilter:
  m_ObjectHideFlags: 0
  m_PrefabParentObject: {fileID: 3373618, guid: 82ff44c44057dae48bb0426f644dc8fa,
    type: 2}
  m_PrefabInternal: {fileID: 0}
  m_GameObject: {fileID: 674155422}
  m_Mesh: {fileID: 10210, guid: 0000000000000000e000000000000000, type: 0}
--- !u!1 &691468470
GameObject:
  m_ObjectHideFlags: 0
  m_PrefabParentObject: {fileID: 0}
  m_PrefabInternal: {fileID: 0}
  serializedVersion: 4
  m_Component:
  - 4: {fileID: 691468474}
  - 33: {fileID: 691468473}
  - 65: {fileID: 691468472}
  - 23: {fileID: 691468471}
  m_Layer: 0
  m_Name: Cube (2)
  m_TagString: Untagged
  m_Icon: {fileID: 0}
  m_NavMeshLayer: 0
  m_StaticEditorFlags: 0
  m_IsActive: 1
--- !u!23 &691468471
MeshRenderer:
  m_ObjectHideFlags: 0
  m_PrefabParentObject: {fileID: 0}
  m_PrefabInternal: {fileID: 0}
  m_GameObject: {fileID: 691468470}
  m_Enabled: 1
  m_CastShadows: 1
  m_ReceiveShadows: 1
  m_Materials:
  - {fileID: 10303, guid: 0000000000000000f000000000000000, type: 0}
  m_SubsetIndices: 
  m_StaticBatchRoot: {fileID: 0}
  m_UseLightProbes: 1
  m_ReflectionProbeUsage: 1
  m_ProbeAnchor: {fileID: 0}
  m_ScaleInLightmap: 1
  m_PreserveUVs: 1
  m_IgnoreNormalsForChartDetection: 0
  m_ImportantGI: 0
  m_MinimumChartSize: 4
  m_AutoUVMaxDistance: 0.5
  m_AutoUVMaxAngle: 89
  m_LightmapParameters: {fileID: 0}
  m_SortingLayerID: 0
  m_SortingOrder: 0
--- !u!65 &691468472
BoxCollider:
  m_ObjectHideFlags: 0
  m_PrefabParentObject: {fileID: 0}
  m_PrefabInternal: {fileID: 0}
  m_GameObject: {fileID: 691468470}
  m_Material: {fileID: 0}
  m_IsTrigger: 0
  m_Enabled: 1
  serializedVersion: 2
  m_Size: {x: 1, y: 1, z: 1}
  m_Center: {x: 0, y: 0, z: 0}
--- !u!33 &691468473
MeshFilter:
  m_ObjectHideFlags: 0
  m_PrefabParentObject: {fileID: 0}
  m_PrefabInternal: {fileID: 0}
  m_GameObject: {fileID: 691468470}
  m_Mesh: {fileID: 10202, guid: 0000000000000000e000000000000000, type: 0}
--- !u!4 &691468474
Transform:
  m_ObjectHideFlags: 0
  m_PrefabParentObject: {fileID: 0}
  m_PrefabInternal: {fileID: 0}
  m_GameObject: {fileID: 691468470}
  m_LocalRotation: {x: 0, y: 0, z: 0, w: 1}
  m_LocalPosition: {x: 5, y: 0, z: 0}
  m_LocalScale: {x: 1, y: 1, z: 1}
  m_Children: []
  m_Father: {fileID: 0}
  m_RootOrder: 7
--- !u!1001 &726103224
Prefab:
  m_ObjectHideFlags: 0
  serializedVersion: 2
  m_Modification:
    m_TransformParent: {fileID: 0}
    m_Modifications:
    - target: {fileID: 11400002, guid: bf30d577eead1ef40bcf2b404289daf4, type: 2}
      propertyPath: mDataSetsToLoad.Array.size
      value: 1
      objectReference: {fileID: 0}
    - target: {fileID: 11400002, guid: bf30d577eead1ef40bcf2b404289daf4, type: 2}
      propertyPath: mDataSetsToActivate.Array.size
      value: 1
      objectReference: {fileID: 0}
    - target: {fileID: 400000, guid: bf30d577eead1ef40bcf2b404289daf4, type: 2}
      propertyPath: m_LocalPosition.x
      value: 200
      objectReference: {fileID: 0}
    - target: {fileID: 400000, guid: bf30d577eead1ef40bcf2b404289daf4, type: 2}
      propertyPath: m_LocalPosition.y
      value: 600
      objectReference: {fileID: 0}
    - target: {fileID: 400000, guid: bf30d577eead1ef40bcf2b404289daf4, type: 2}
      propertyPath: m_LocalPosition.z
      value: 100
      objectReference: {fileID: 0}
    - target: {fileID: 400000, guid: bf30d577eead1ef40bcf2b404289daf4, type: 2}
      propertyPath: m_LocalRotation.x
      value: 0.7071069
      objectReference: {fileID: 0}
    - target: {fileID: 400000, guid: bf30d577eead1ef40bcf2b404289daf4, type: 2}
      propertyPath: m_LocalRotation.y
      value: 0
      objectReference: {fileID: 0}
    - target: {fileID: 400000, guid: bf30d577eead1ef40bcf2b404289daf4, type: 2}
      propertyPath: m_LocalRotation.z
      value: 0
      objectReference: {fileID: 0}
    - target: {fileID: 400000, guid: bf30d577eead1ef40bcf2b404289daf4, type: 2}
      propertyPath: m_LocalRotation.w
      value: 0.70710677
      objectReference: {fileID: 0}
    - target: {fileID: 400000, guid: bf30d577eead1ef40bcf2b404289daf4, type: 2}
      propertyPath: m_RootOrder
      value: 5
      objectReference: {fileID: 0}
    - target: {fileID: 11400006, guid: bf30d577eead1ef40bcf2b404289daf4, type: 2}
      propertyPath: VuforiaLicenseKey
      value: ARB7UMf/////AAAAADDln4KTV0Bxg9gCUuruE3MIKsGhoNt/P+HW9ivOGBsawhnrAkDcBL06Sxl5UpLw3aRFUUesHMJbfusSC4nEBL2zy8cCuTr3co1PHZbSPeWOrUZIKDuscPST4hbxPhZ3OBUjTxygMa573ZnpuTIjkSsSCiHK5+x6GhyhA9g7ow5NTaVpV7dq0zeBfEh9yWoBXcqhnoNmz5M2wkHZyQBciVTqKQqQQysCu8N2mXIkAPvW3SOcnw1S+FcubJAEgTXAeUIsCqi8K28vdrdYn+6zhuaALuy9iKE5enfxheHlBzzTSZYTdDX+03XcEGklH5qZj5Ufh7jtsnpm5PBdJIfQg8DPy5yIo32ZV+QJjeZ439K5
      objectReference: {fileID: 0}
    - target: {fileID: 11400002, guid: bf30d577eead1ef40bcf2b404289daf4, type: 2}
      propertyPath: mDataSetsToLoad.Array.data[0]
      value: View-Master-Target-Database
      objectReference: {fileID: 0}
    - target: {fileID: 11400002, guid: bf30d577eead1ef40bcf2b404289daf4, type: 2}
      propertyPath: mDataSetsToActivate.Array.data[0]
      value: View-Master-Target-Database
      objectReference: {fileID: 0}
    - target: {fileID: 11400006, guid: bf30d577eead1ef40bcf2b404289daf4, type: 2}
      propertyPath: mWorldCenterMode
      value: 2
      objectReference: {fileID: 0}
    - target: {fileID: 11400006, guid: bf30d577eead1ef40bcf2b404289daf4, type: 2}
      propertyPath: mCentralAnchorPoint
      value: 
      objectReference: {fileID: 299562418}
    - target: {fileID: 11400006, guid: bf30d577eead1ef40bcf2b404289daf4, type: 2}
      propertyPath: mParentAnchorPoint
      value: 
      objectReference: {fileID: 299562418}
    - target: {fileID: 11400006, guid: bf30d577eead1ef40bcf2b404289daf4, type: 2}
      propertyPath: mPrimaryCamera
      value: 
      objectReference: {fileID: 299562423}
    - target: {fileID: 8100000, guid: bf30d577eead1ef40bcf2b404289daf4, type: 2}
      propertyPath: m_Enabled
      value: 0
      objectReference: {fileID: 0}
    - target: {fileID: 100002, guid: bf30d577eead1ef40bcf2b404289daf4, type: 2}
      propertyPath: m_IsActive
      value: 0
      objectReference: {fileID: 0}
    - target: {fileID: 11400006, guid: bf30d577eead1ef40bcf2b404289daf4, type: 2}
      propertyPath: mSecondaryCamera
      value: 
      objectReference: {fileID: 299562419}
    - target: {fileID: 11400006, guid: bf30d577eead1ef40bcf2b404289daf4, type: 2}
      propertyPath: mSynchronizePoseUpdates
      value: 1
      objectReference: {fileID: 0}
    - target: {fileID: 11400006, guid: bf30d577eead1ef40bcf2b404289daf4, type: 2}
      propertyPath: mUsingHeadset
      value: 1
      objectReference: {fileID: 0}
    - target: {fileID: 11400006, guid: bf30d577eead1ef40bcf2b404289daf4, type: 2}
      propertyPath: mHeadsetID
      value: Cardboard
      objectReference: {fileID: 0}
    - target: {fileID: 11400000, guid: bf30d577eead1ef40bcf2b404289daf4, type: 2}
      propertyPath: mDeviceNameSetInEditor
      value: Microsoft LifeCam HD-3000
      objectReference: {fileID: 0}
    m_RemovedComponents:
    - {fileID: 8100000, guid: bf30d577eead1ef40bcf2b404289daf4, type: 2}
    - {fileID: 11400002, guid: bf30d577eead1ef40bcf2b404289daf4, type: 2}
  m_ParentPrefab: {fileID: 100100000, guid: bf30d577eead1ef40bcf2b404289daf4, type: 2}
  m_IsPrefabParent: 0
--- !u!1 &737073003
GameObject:
  m_ObjectHideFlags: 0
  m_PrefabParentObject: {fileID: 168354, guid: 82ff44c44057dae48bb0426f644dc8fa, type: 2}
  m_PrefabInternal: {fileID: 0}
  serializedVersion: 4
  m_Component:
  - 224: {fileID: 737073004}
  - 223: {fileID: 737073007}
  - 114: {fileID: 737073006}
  - 114: {fileID: 737073005}
  m_Layer: 0
  m_Name: Canvas
  m_TagString: Untagged
  m_Icon: {fileID: 0}
  m_NavMeshLayer: 0
  m_StaticEditorFlags: 0
  m_IsActive: 0
--- !u!224 &737073004
RectTransform:
  m_ObjectHideFlags: 0
  m_PrefabParentObject: {fileID: 22460332, guid: 82ff44c44057dae48bb0426f644dc8fa,
    type: 2}
  m_PrefabInternal: {fileID: 0}
  m_GameObject: {fileID: 737073003}
  m_LocalRotation: {x: 0.7071068, y: 0, z: 0, w: 0.7071068}
  m_LocalPosition: {x: 0, y: 0, z: 0}
  m_LocalScale: {x: 1, y: 1, z: 1}
  m_Children:
  - {fileID: 476462329}
  m_Father: {fileID: 774945699}
  m_RootOrder: 0
  m_AnchorMin: {x: 0.5, y: 0.5}
  m_AnchorMax: {x: 0.5, y: 0.5}
  m_AnchoredPosition: {x: 0, y: 0.12}
  m_SizeDelta: {x: 1, y: 1}
  m_Pivot: {x: 0.5, y: 0.5}
--- !u!114 &737073005
MonoBehaviour:
  m_ObjectHideFlags: 0
  m_PrefabParentObject: {fileID: 11479210, guid: 82ff44c44057dae48bb0426f644dc8fa,
    type: 2}
  m_PrefabInternal: {fileID: 0}
  m_GameObject: {fileID: 737073003}
  m_Enabled: 1
  m_EditorHideFlags: 0
  m_Script: {fileID: 1301386320, guid: f5f67c52d1564df4a8936ccd202a3bd8, type: 3}
  m_Name: 
  m_EditorClassIdentifier: 
  m_IgnoreReversedGraphics: 1
  m_BlockingObjects: 0
  m_BlockingMask:
    serializedVersion: 2
    m_Bits: 4294967295
--- !u!114 &737073006
MonoBehaviour:
  m_ObjectHideFlags: 0
  m_PrefabParentObject: {fileID: 11414646, guid: 82ff44c44057dae48bb0426f644dc8fa,
    type: 2}
  m_PrefabInternal: {fileID: 0}
  m_GameObject: {fileID: 737073003}
  m_Enabled: 1
  m_EditorHideFlags: 0
  m_Script: {fileID: 1980459831, guid: f5f67c52d1564df4a8936ccd202a3bd8, type: 3}
  m_Name: 
  m_EditorClassIdentifier: 
  m_UiScaleMode: 0
  m_ReferencePixelsPerUnit: 1
  m_ScaleFactor: 1
  m_ReferenceResolution: {x: 800, y: 600}
  m_ScreenMatchMode: 0
  m_MatchWidthOrHeight: 0
  m_PhysicalUnit: 3
  m_FallbackScreenDPI: 96
  m_DefaultSpriteDPI: 96
  m_DynamicPixelsPerUnit: 1
--- !u!223 &737073007
Canvas:
  m_ObjectHideFlags: 0
  m_PrefabParentObject: {fileID: 22302184, guid: 82ff44c44057dae48bb0426f644dc8fa,
    type: 2}
  m_PrefabInternal: {fileID: 0}
  m_GameObject: {fileID: 737073003}
  m_Enabled: 1
  serializedVersion: 2
  m_RenderMode: 2
  m_Camera: {fileID: 0}
  m_PlaneDistance: 100
  m_PixelPerfect: 0
  m_ReceivesEvents: 1
  m_OverrideSorting: 0
  m_OverridePixelPerfect: 0
  m_SortingLayerID: 0
  m_SortingOrder: 0
  m_TargetDisplay: 0
--- !u!1 &774945693
GameObject:
  m_ObjectHideFlags: 0
  m_PrefabParentObject: {fileID: 168324, guid: 82ff44c44057dae48bb0426f644dc8fa, type: 2}
  m_PrefabInternal: {fileID: 0}
  serializedVersion: 4
  m_Component:
  - 224: {fileID: 774945699}
  - 114: {fileID: 774945698}
  - 114: {fileID: 774945697}
  - 33: {fileID: 774945696}
  - 114: {fileID: 774945695}
  - 23: {fileID: 774945694}
  m_Layer: 0
  m_Name: ImageTarget 1
  m_TagString: Hit Object
  m_Icon: {fileID: 0}
  m_NavMeshLayer: 0
  m_StaticEditorFlags: 0
  m_IsActive: 1
--- !u!23 &774945694
MeshRenderer:
  m_ObjectHideFlags: 0
  m_PrefabParentObject: {fileID: 2344886, guid: 82ff44c44057dae48bb0426f644dc8fa,
    type: 2}
  m_PrefabInternal: {fileID: 0}
  m_GameObject: {fileID: 774945693}
  m_Enabled: 1
  m_CastShadows: 1
  m_ReceiveShadows: 1
  m_Materials:
  - {fileID: 1321682154}
  m_SubsetIndices: 
  m_StaticBatchRoot: {fileID: 0}
  m_UseLightProbes: 0
  m_ReflectionProbeUsage: 1
  m_ProbeAnchor: {fileID: 0}
  m_ScaleInLightmap: 1
  m_PreserveUVs: 0
  m_IgnoreNormalsForChartDetection: 0
  m_ImportantGI: 0
  m_MinimumChartSize: 4
  m_AutoUVMaxDistance: 0.5
  m_AutoUVMaxAngle: 89
  m_LightmapParameters: {fileID: 0}
  m_SortingLayerID: 0
  m_SortingOrder: 0
--- !u!114 &774945695
MonoBehaviour:
  m_ObjectHideFlags: 0
  m_PrefabParentObject: {fileID: 11463234, guid: 82ff44c44057dae48bb0426f644dc8fa,
    type: 2}
  m_PrefabInternal: {fileID: 0}
  m_GameObject: {fileID: 774945693}
  m_Enabled: 1
  m_EditorHideFlags: 0
  m_Script: {fileID: 11500000, guid: 5a917f0af64a6423093132dab321c15f, type: 3}
  m_Name: 
  m_EditorClassIdentifier: 
--- !u!33 &774945696
MeshFilter:
  m_ObjectHideFlags: 0
  m_PrefabParentObject: {fileID: 3399180, guid: 82ff44c44057dae48bb0426f644dc8fa,
    type: 2}
  m_PrefabInternal: {fileID: 0}
  m_GameObject: {fileID: 774945693}
  m_Mesh: {fileID: 992920432}
--- !u!114 &774945697
MonoBehaviour:
  m_ObjectHideFlags: 0
  m_PrefabParentObject: {fileID: 11401422, guid: 82ff44c44057dae48bb0426f644dc8fa,
    type: 2}
  m_PrefabInternal: {fileID: 0}
  m_GameObject: {fileID: 774945693}
  m_Enabled: 1
  m_EditorHideFlags: 0
  m_Script: {fileID: 11500000, guid: e246bd21db86f8346bc66895a661fcc4, type: 3}
  m_Name: 
  m_EditorClassIdentifier: 
--- !u!114 &774945698
MonoBehaviour:
  m_ObjectHideFlags: 0
  m_PrefabParentObject: {fileID: 11418984, guid: 82ff44c44057dae48bb0426f644dc8fa,
    type: 2}
  m_PrefabInternal: {fileID: 0}
  m_GameObject: {fileID: 774945693}
  m_Enabled: 1
  m_EditorHideFlags: 0
  m_Script: {fileID: 11500000, guid: cadfb90286c81fd42a6785e4e7cd3024, type: 3}
  m_Name: 
  m_EditorClassIdentifier: 
  mTrackableName: unspecified
  mPreviousScale: {x: 100, y: 100, z: 100}
  mPreserveChildSize: 0
  mInitializedInEditor: 1
  mDataSetPath: QCAR/Test.xml
  mExtendedTracking: 1
  mInitializeSmartTerrain: 0
  mReconstructionToInitialize: {fileID: 0}
  mSmartTerrainOccluderBoundsMin: {x: 0, y: 0, z: 0}
  mSmartTerrainOccluderBoundsMax: {x: 0, y: 0, z: 0}
  mIsSmartTerrainOccluderOffset: 0
  mSmartTerrainOccluderOffset: {x: 0, y: 0, z: 0}
  mSmartTerrainOccluderRotation: {x: 0, y: 0, z: 0, w: 0}
  mSmartTerrainOccluderLockedInPlace: 0
  mAutoSetOccluderFromTargetSize: 0
  mAspectRatio: 1
  mImageTargetType: 0
--- !u!224 &774945699
RectTransform:
  m_ObjectHideFlags: 0
  m_PrefabParentObject: {fileID: 22475234, guid: 82ff44c44057dae48bb0426f644dc8fa,
    type: 2}
  m_PrefabInternal: {fileID: 0}
  m_GameObject: {fileID: 774945693}
  m_LocalRotation: {x: 0, y: 0, z: 0, w: 1}
  m_LocalPosition: {x: 0, y: 0, z: -2000}
  m_LocalScale: {x: 100, y: 100, z: 100}
  m_Children:
  - {fileID: 737073004}
  - {fileID: 2050789978}
  - {fileID: 1853688622}
  - {fileID: 162883566}
  - {fileID: 866134546}
  - {fileID: 525271835}
  - {fileID: 884634277}
  - {fileID: 2122880253}
  - {fileID: 1439641996}
  m_Father: {fileID: 0}
  m_RootOrder: 3
  m_AnchorMin: {x: 0.5, y: 0.5}
  m_AnchorMax: {x: 0.5, y: 0.5}
  m_AnchoredPosition: {x: 0, y: 0}
  m_SizeDelta: {x: 100, y: 100}
  m_Pivot: {x: 0.5, y: 0.5}
--- !u!1 &796009243
GameObject:
  m_ObjectHideFlags: 0
  m_PrefabParentObject: {fileID: 150432, guid: b8b03d395f5734e98af91ccf44f9bf47, type: 2}
  m_PrefabInternal: {fileID: 0}
  serializedVersion: 4
  m_Component:
  - 4: {fileID: 796009244}
  - 20: {fileID: 796009247}
  - 92: {fileID: 796009246}
  - 114: {fileID: 796009245}
  m_Layer: 0
  m_Name: PostRender
  m_TagString: Untagged
  m_Icon: {fileID: 0}
  m_NavMeshLayer: 0
  m_StaticEditorFlags: 0
  m_IsActive: 1
--- !u!4 &796009244
Transform:
  m_ObjectHideFlags: 0
  m_PrefabParentObject: {fileID: 450432, guid: b8b03d395f5734e98af91ccf44f9bf47, type: 2}
  m_PrefabInternal: {fileID: 0}
  m_GameObject: {fileID: 796009243}
  m_LocalRotation: {x: 0, y: 0, z: 0, w: 1}
  m_LocalPosition: {x: 0, y: 0, z: 0}
  m_LocalScale: {x: 1, y: 1, z: 1}
  m_Children: []
  m_Father: {fileID: 1404072432}
  m_RootOrder: 1
--- !u!114 &796009245
MonoBehaviour:
  m_ObjectHideFlags: 0
  m_PrefabParentObject: {fileID: 11450432, guid: b8b03d395f5734e98af91ccf44f9bf47,
    type: 2}
  m_PrefabInternal: {fileID: 0}
  m_GameObject: {fileID: 796009243}
  m_Enabled: 1
  m_EditorHideFlags: 0
  m_Script: {fileID: 11500000, guid: 3995cc6db284649a793472ad14b220f6, type: 3}
  m_Name: 
  m_EditorClassIdentifier: 
--- !u!92 &796009246
Behaviour:
  m_ObjectHideFlags: 0
  m_PrefabParentObject: {fileID: 9250434, guid: b8b03d395f5734e98af91ccf44f9bf47,
    type: 2}
  m_PrefabInternal: {fileID: 0}
  m_GameObject: {fileID: 796009243}
  m_Enabled: 1
--- !u!20 &796009247
Camera:
  m_ObjectHideFlags: 0
  m_PrefabParentObject: {fileID: 2050432, guid: b8b03d395f5734e98af91ccf44f9bf47,
    type: 2}
  m_PrefabInternal: {fileID: 0}
  m_GameObject: {fileID: 796009243}
  m_Enabled: 1
  serializedVersion: 2
  m_ClearFlags: 3
  m_BackGroundColor: {r: 1, g: 0, b: 1, a: 1}
  m_NormalizedViewPortRect:
    serializedVersion: 2
    x: 0
    y: 0
    width: 1
    height: 1
  near clip plane: 0.3
  far clip plane: 1000
  field of view: 60
  orthographic: 1
  orthographic size: 0.5
  m_Depth: 100
  m_CullingMask:
    serializedVersion: 2
    m_Bits: 0
  m_RenderingPath: -1
  m_TargetTexture: {fileID: 0}
  m_TargetDisplay: 0
  m_TargetEye: 3
  m_HDR: 0
  m_OcclusionCulling: 0
  m_StereoConvergence: 10
  m_StereoSeparation: 0.022
  m_StereoMirrorMode: 0
--- !u!1 &866134545
GameObject:
  m_ObjectHideFlags: 0
  m_PrefabParentObject: {fileID: 131454, guid: 82ff44c44057dae48bb0426f644dc8fa, type: 2}
  m_PrefabInternal: {fileID: 0}
  serializedVersion: 4
  m_Component:
  - 4: {fileID: 866134546}
  - 33: {fileID: 866134549}
  - 65: {fileID: 866134548}
  - 23: {fileID: 866134547}
  - 114: {fileID: 866134550}
  m_Layer: 0
  m_Name: Cube (2)
  m_TagString: Exit Object
  m_Icon: {fileID: 0}
  m_NavMeshLayer: 0
  m_StaticEditorFlags: 0
  m_IsActive: 1
--- !u!4 &866134546
Transform:
  m_ObjectHideFlags: 0
  m_PrefabParentObject: {fileID: 431040, guid: 82ff44c44057dae48bb0426f644dc8fa, type: 2}
  m_PrefabInternal: {fileID: 0}
  m_GameObject: {fileID: 866134545}
  m_LocalRotation: {x: 0, y: 0, z: 0, w: 1}
  m_LocalPosition: {x: -0.4, y: -0.00003053993, z: 0.4}
  m_LocalScale: {x: 0.125, y: 0.125, z: 0.125}
  m_Children: []
  m_Father: {fileID: 774945699}
  m_RootOrder: 4
--- !u!23 &866134547
MeshRenderer:
  m_ObjectHideFlags: 0
  m_PrefabParentObject: {fileID: 2324850, guid: 82ff44c44057dae48bb0426f644dc8fa,
    type: 2}
  m_PrefabInternal: {fileID: 0}
  m_GameObject: {fileID: 866134545}
  m_Enabled: 1
  m_CastShadows: 1
  m_ReceiveShadows: 1
  m_Materials:
  - {fileID: 10303, guid: 0000000000000000f000000000000000, type: 0}
  m_SubsetIndices: 
  m_StaticBatchRoot: {fileID: 0}
  m_UseLightProbes: 1
  m_ReflectionProbeUsage: 1
  m_ProbeAnchor: {fileID: 0}
  m_ScaleInLightmap: 1
  m_PreserveUVs: 1
  m_IgnoreNormalsForChartDetection: 0
  m_ImportantGI: 0
  m_MinimumChartSize: 4
  m_AutoUVMaxDistance: 0.5
  m_AutoUVMaxAngle: 89
  m_LightmapParameters: {fileID: 0}
  m_SortingLayerID: 0
  m_SortingOrder: 0
--- !u!65 &866134548
BoxCollider:
  m_ObjectHideFlags: 0
  m_PrefabParentObject: {fileID: 6581216, guid: 82ff44c44057dae48bb0426f644dc8fa,
    type: 2}
  m_PrefabInternal: {fileID: 0}
  m_GameObject: {fileID: 866134545}
  m_Material: {fileID: 0}
  m_IsTrigger: 0
  m_Enabled: 1
  serializedVersion: 2
  m_Size: {x: 1, y: 1, z: 1}
  m_Center: {x: 0, y: 0, z: 0}
--- !u!33 &866134549
MeshFilter:
  m_ObjectHideFlags: 0
  m_PrefabParentObject: {fileID: 3332694, guid: 82ff44c44057dae48bb0426f644dc8fa,
    type: 2}
  m_PrefabInternal: {fileID: 0}
  m_GameObject: {fileID: 866134545}
  m_Mesh: {fileID: 10202, guid: 0000000000000000e000000000000000, type: 0}
--- !u!114 &866134550
MonoBehaviour:
  m_ObjectHideFlags: 0
  m_PrefabParentObject: {fileID: 0}
  m_PrefabInternal: {fileID: 0}
  m_GameObject: {fileID: 866134545}
  m_Enabled: 1
  m_EditorHideFlags: 0
  m_Script: {fileID: 11500000, guid: 52c6786ee7d093140a746d141466e78b, type: 3}
  m_Name: 
  m_EditorClassIdentifier: 
--- !u!1 &884634276
GameObject:
  m_ObjectHideFlags: 0
  m_PrefabParentObject: {fileID: 151990, guid: 82ff44c44057dae48bb0426f644dc8fa, type: 2}
  m_PrefabInternal: {fileID: 0}
  serializedVersion: 4
  m_Component:
  - 4: {fileID: 884634277}
  - 33: {fileID: 884634280}
  - 65: {fileID: 884634279}
  - 23: {fileID: 884634278}
  - 114: {fileID: 884634281}
  m_Layer: 0
  m_Name: Cube (4)
  m_TagString: Exit Object
  m_Icon: {fileID: 0}
  m_NavMeshLayer: 0
  m_StaticEditorFlags: 0
  m_IsActive: 1
--- !u!4 &884634277
Transform:
  m_ObjectHideFlags: 0
  m_PrefabParentObject: {fileID: 457688, guid: 82ff44c44057dae48bb0426f644dc8fa, type: 2}
  m_PrefabInternal: {fileID: 0}
  m_GameObject: {fileID: 884634276}
  m_LocalRotation: {x: 0, y: 0, z: 0, w: 1}
  m_LocalPosition: {x: 0.4, y: 0, z: -0.4}
  m_LocalScale: {x: 0.125, y: 0.125, z: 0.125}
  m_Children: []
  m_Father: {fileID: 774945699}
  m_RootOrder: 6
--- !u!23 &884634278
MeshRenderer:
  m_ObjectHideFlags: 0
  m_PrefabParentObject: {fileID: 2389876, guid: 82ff44c44057dae48bb0426f644dc8fa,
    type: 2}
  m_PrefabInternal: {fileID: 0}
  m_GameObject: {fileID: 884634276}
  m_Enabled: 1
  m_CastShadows: 1
  m_ReceiveShadows: 1
  m_Materials:
  - {fileID: 10303, guid: 0000000000000000f000000000000000, type: 0}
  m_SubsetIndices: 
  m_StaticBatchRoot: {fileID: 0}
  m_UseLightProbes: 1
  m_ReflectionProbeUsage: 1
  m_ProbeAnchor: {fileID: 0}
  m_ScaleInLightmap: 1
  m_PreserveUVs: 1
  m_IgnoreNormalsForChartDetection: 0
  m_ImportantGI: 0
  m_MinimumChartSize: 4
  m_AutoUVMaxDistance: 0.5
  m_AutoUVMaxAngle: 89
  m_LightmapParameters: {fileID: 0}
  m_SortingLayerID: 0
  m_SortingOrder: 0
--- !u!65 &884634279
BoxCollider:
  m_ObjectHideFlags: 0
  m_PrefabParentObject: {fileID: 6592112, guid: 82ff44c44057dae48bb0426f644dc8fa,
    type: 2}
  m_PrefabInternal: {fileID: 0}
  m_GameObject: {fileID: 884634276}
  m_Material: {fileID: 0}
  m_IsTrigger: 0
  m_Enabled: 1
  serializedVersion: 2
  m_Size: {x: 1, y: 1, z: 1}
  m_Center: {x: 0, y: 0, z: 0}
--- !u!33 &884634280
MeshFilter:
  m_ObjectHideFlags: 0
  m_PrefabParentObject: {fileID: 3380790, guid: 82ff44c44057dae48bb0426f644dc8fa,
    type: 2}
  m_PrefabInternal: {fileID: 0}
  m_GameObject: {fileID: 884634276}
  m_Mesh: {fileID: 10202, guid: 0000000000000000e000000000000000, type: 0}
--- !u!114 &884634281
MonoBehaviour:
  m_ObjectHideFlags: 0
  m_PrefabParentObject: {fileID: 0}
  m_PrefabInternal: {fileID: 0}
  m_GameObject: {fileID: 884634276}
  m_Enabled: 1
  m_EditorHideFlags: 0
  m_Script: {fileID: 11500000, guid: 52c6786ee7d093140a746d141466e78b, type: 3}
  m_Name: 
  m_EditorClassIdentifier: 
--- !u!1 &952415759
GameObject:
  m_ObjectHideFlags: 0
  m_PrefabParentObject: {fileID: 0}
  m_PrefabInternal: {fileID: 0}
  serializedVersion: 4
  m_Component:
  - 4: {fileID: 952415763}
  - 33: {fileID: 952415762}
  - 65: {fileID: 952415761}
  - 23: {fileID: 952415760}
  m_Layer: 0
  m_Name: Cube (3)
  m_TagString: Untagged
  m_Icon: {fileID: 0}
  m_NavMeshLayer: 0
  m_StaticEditorFlags: 0
  m_IsActive: 1
--- !u!23 &952415760
MeshRenderer:
  m_ObjectHideFlags: 0
  m_PrefabParentObject: {fileID: 0}
  m_PrefabInternal: {fileID: 0}
  m_GameObject: {fileID: 952415759}
  m_Enabled: 1
  m_CastShadows: 1
  m_ReceiveShadows: 1
  m_Materials:
  - {fileID: 10303, guid: 0000000000000000f000000000000000, type: 0}
  m_SubsetIndices: 
  m_StaticBatchRoot: {fileID: 0}
  m_UseLightProbes: 1
  m_ReflectionProbeUsage: 1
  m_ProbeAnchor: {fileID: 0}
  m_ScaleInLightmap: 1
  m_PreserveUVs: 1
  m_IgnoreNormalsForChartDetection: 0
  m_ImportantGI: 0
  m_MinimumChartSize: 4
  m_AutoUVMaxDistance: 0.5
  m_AutoUVMaxAngle: 89
  m_LightmapParameters: {fileID: 0}
  m_SortingLayerID: 0
  m_SortingOrder: 0
--- !u!65 &952415761
BoxCollider:
  m_ObjectHideFlags: 0
  m_PrefabParentObject: {fileID: 0}
  m_PrefabInternal: {fileID: 0}
  m_GameObject: {fileID: 952415759}
  m_Material: {fileID: 0}
  m_IsTrigger: 0
  m_Enabled: 1
  serializedVersion: 2
  m_Size: {x: 1, y: 1, z: 1}
  m_Center: {x: 0, y: 0, z: 0}
--- !u!33 &952415762
MeshFilter:
  m_ObjectHideFlags: 0
  m_PrefabParentObject: {fileID: 0}
  m_PrefabInternal: {fileID: 0}
  m_GameObject: {fileID: 952415759}
  m_Mesh: {fileID: 10202, guid: 0000000000000000e000000000000000, type: 0}
--- !u!4 &952415763
Transform:
  m_ObjectHideFlags: 0
  m_PrefabParentObject: {fileID: 0}
  m_PrefabInternal: {fileID: 0}
  m_GameObject: {fileID: 952415759}
  m_LocalRotation: {x: 0, y: 0, z: 0, w: 1}
  m_LocalPosition: {x: -5, y: 0, z: 0}
  m_LocalScale: {x: 1, y: 1, z: 1}
  m_Children: []
  m_Father: {fileID: 0}
  m_RootOrder: 8
--- !u!1 &990892465
GameObject:
  m_ObjectHideFlags: 0
  m_PrefabParentObject: {fileID: 121366, guid: 82ff44c44057dae48bb0426f644dc8fa, type: 2}
  m_PrefabInternal: {fileID: 0}
  serializedVersion: 4
  m_Component:
  - 4: {fileID: 990892466}
  - 33: {fileID: 990892470}
  - 64: {fileID: 990892469}
  - 23: {fileID: 990892468}
  - 114: {fileID: 990892467}
  m_Layer: 0
  m_Name: Top
  m_TagString: Untagged
  m_Icon: {fileID: 0}
  m_NavMeshLayer: 0
  m_StaticEditorFlags: 0
  m_IsActive: 0
--- !u!4 &990892466
Transform:
  m_ObjectHideFlags: 0
  m_PrefabParentObject: {fileID: 466360, guid: 82ff44c44057dae48bb0426f644dc8fa, type: 2}
  m_PrefabInternal: {fileID: 0}
  m_GameObject: {fileID: 990892465}
  m_LocalRotation: {x: -0.7071068, y: -0.7071068, z: -0.000000030908623, w: -0.000000030908623}
  m_LocalPosition: {x: 0, y: -2780, z: -159}
  m_LocalScale: {x: 5000.004, y: 10000.004, z: 5}
  m_Children: []
  m_Father: {fileID: 2050789978}
  m_RootOrder: 2
--- !u!114 &990892467
MonoBehaviour:
  m_ObjectHideFlags: 0
  m_PrefabParentObject: {fileID: 11449948, guid: 82ff44c44057dae48bb0426f644dc8fa,
    type: 2}
  m_PrefabInternal: {fileID: 0}
  m_GameObject: {fileID: 990892465}
  m_Enabled: 0
  m_EditorHideFlags: 0
  m_Script: {fileID: 11500000, guid: 9d6c4ff938ae1f94684e14f1d399fbe7, type: 3}
  m_Name: 
  m_EditorClassIdentifier: 
  startPoint: {fileID: 0}
  endPoint: {fileID: 0}
--- !u!23 &990892468
MeshRenderer:
  m_ObjectHideFlags: 0
  m_PrefabParentObject: {fileID: 2332446, guid: 82ff44c44057dae48bb0426f644dc8fa,
    type: 2}
  m_PrefabInternal: {fileID: 0}
  m_GameObject: {fileID: 990892465}
  m_Enabled: 1
  m_CastShadows: 1
  m_ReceiveShadows: 1
  m_Materials:
  - {fileID: 2100000, guid: 455f05dac9ce3dc4781211d3e804a687, type: 2}
  m_SubsetIndices: 
  m_StaticBatchRoot: {fileID: 0}
  m_UseLightProbes: 0
  m_ReflectionProbeUsage: 1
  m_ProbeAnchor: {fileID: 0}
  m_ScaleInLightmap: 1
  m_PreserveUVs: 0
  m_IgnoreNormalsForChartDetection: 0
  m_ImportantGI: 0
  m_MinimumChartSize: 4
  m_AutoUVMaxDistance: 0.5
  m_AutoUVMaxAngle: 89
  m_LightmapParameters: {fileID: 0}
  m_SortingLayerID: 0
  m_SortingOrder: 0
--- !u!64 &990892469
MeshCollider:
  m_ObjectHideFlags: 0
  m_PrefabParentObject: {fileID: 6494080, guid: 82ff44c44057dae48bb0426f644dc8fa,
    type: 2}
  m_PrefabInternal: {fileID: 0}
  m_GameObject: {fileID: 990892465}
  m_Material: {fileID: 0}
  m_IsTrigger: 0
  m_Enabled: 1
  serializedVersion: 2
  m_Convex: 0
  m_Mesh: {fileID: 10210, guid: 0000000000000000e000000000000000, type: 0}
--- !u!33 &990892470
MeshFilter:
  m_ObjectHideFlags: 0
  m_PrefabParentObject: {fileID: 3363914, guid: 82ff44c44057dae48bb0426f644dc8fa,
    type: 2}
  m_PrefabInternal: {fileID: 0}
  m_GameObject: {fileID: 990892465}
  m_Mesh: {fileID: 10210, guid: 0000000000000000e000000000000000, type: 0}
--- !u!43 &992920432
Mesh:
  m_ObjectHideFlags: 0
  m_PrefabParentObject: {fileID: 0}
  m_PrefabInternal: {fileID: 0}
  m_Name: 
  serializedVersion: 8
  m_SubMeshes:
  - serializedVersion: 2
    firstByte: 0
    indexCount: 6
    topology: 0
    firstVertex: 0
    vertexCount: 4
    localAABB:
      m_Center: {x: 0, y: 0, z: 0}
      m_Extent: {x: 0.5, y: 0, z: 0.5}
  m_Shapes:
    vertices: []
    shapes: []
    channels: []
    fullWeights: []
  m_BindPose: []
  m_BoneNameHashes: 
  m_RootBoneNameHash: 0
  m_MeshCompression: 0
  m_IsReadable: 1
  m_KeepVertices: 1
  m_KeepIndices: 1
  m_IndexBuffer: 000001000200020001000300
  m_Skin: []
  m_VertexData:
    m_CurrentChannels: 11
    m_VertexCount: 4
    m_Channels:
    - stream: 0
      offset: 0
      format: 0
      dimension: 3
    - stream: 0
      offset: 12
      format: 0
      dimension: 3
    - stream: 0
      offset: 0
      format: 0
      dimension: 0
    - stream: 0
      offset: 24
      format: 0
      dimension: 2
    - stream: 0
      offset: 0
      format: 0
      dimension: 0
    - stream: 0
      offset: 0
      format: 0
      dimension: 0
    - stream: 0
      offset: 0
      format: 0
      dimension: 0
    - stream: 0
      offset: 0
      format: 0
      dimension: 0
    m_DataSize: 128
    _typelessdata: 000000bf00000000000000bf000000000000803f000000000000000000000000000000bf000000000000003f000000000000803f00000000000000000000803f0000003f00000000000000bf000000000000803f000000000000803f000000000000003f000000000000003f000000000000803f000000000000803f0000803f
  m_CompressedMesh:
    m_Vertices:
      m_NumItems: 0
      m_Range: 0
      m_Start: 0
      m_Data: 
      m_BitSize: 0
    m_UV:
      m_NumItems: 0
      m_Range: 0
      m_Start: 0
      m_Data: 
      m_BitSize: 0
    m_Normals:
      m_NumItems: 0
      m_Range: 0
      m_Start: 0
      m_Data: 
      m_BitSize: 0
    m_Tangents:
      m_NumItems: 0
      m_Range: 0
      m_Start: 0
      m_Data: 
      m_BitSize: 0
    m_Weights:
      m_NumItems: 0
      m_Data: 
      m_BitSize: 0
    m_NormalSigns:
      m_NumItems: 0
      m_Data: 
      m_BitSize: 0
    m_TangentSigns:
      m_NumItems: 0
      m_Data: 
      m_BitSize: 0
    m_FloatColors:
      m_NumItems: 0
      m_Range: 0
      m_Start: 0
      m_Data: 
      m_BitSize: 0
    m_BoneIndices:
      m_NumItems: 0
      m_Data: 
      m_BitSize: 0
    m_Triangles:
      m_NumItems: 0
      m_Data: 
      m_BitSize: 0
    m_UVInfo: 0
  m_LocalAABB:
    m_Center: {x: 0, y: 0, z: 0}
    m_Extent: {x: 0.5, y: 0, z: 0.5}
  m_MeshUsageFlags: 0
  m_BakedConvexCollisionMesh: 
  m_BakedTriangleCollisionMesh: 
  m_MeshOptimized: 0
--- !u!1 &1065043702
GameObject:
  m_ObjectHideFlags: 0
  m_PrefabParentObject: {fileID: 101370, guid: 82ff44c44057dae48bb0426f644dc8fa, type: 2}
  m_PrefabInternal: {fileID: 0}
  serializedVersion: 4
  m_Component:
  - 224: {fileID: 1065043703}
  - 222: {fileID: 1065043705}
  - 114: {fileID: 1065043704}
  m_Layer: 0
  m_Name: Text
  m_TagString: Untagged
  m_Icon: {fileID: 0}
  m_NavMeshLayer: 0
  m_StaticEditorFlags: 0
  m_IsActive: 1
--- !u!224 &1065043703
RectTransform:
  m_ObjectHideFlags: 0
  m_PrefabParentObject: {fileID: 22474214, guid: 82ff44c44057dae48bb0426f644dc8fa,
    type: 2}
  m_PrefabInternal: {fileID: 0}
  m_GameObject: {fileID: 1065043702}
  m_LocalRotation: {x: 0, y: 0, z: 0, w: 1}
  m_LocalPosition: {x: 0, y: 0, z: 0}
  m_LocalScale: {x: 1, y: 1, z: 1}
  m_Children: []
  m_Father: {fileID: 476462329}
  m_RootOrder: 0
  m_AnchorMin: {x: 0, y: 0}
  m_AnchorMax: {x: 1, y: 1}
  m_AnchoredPosition: {x: 0, y: 0}
  m_SizeDelta: {x: 0, y: 0}
  m_Pivot: {x: 0.5, y: 0.5}
--- !u!114 &1065043704
MonoBehaviour:
  m_ObjectHideFlags: 0
  m_PrefabParentObject: {fileID: 11407040, guid: 82ff44c44057dae48bb0426f644dc8fa,
    type: 2}
  m_PrefabInternal: {fileID: 0}
  m_GameObject: {fileID: 1065043702}
  m_Enabled: 1
  m_EditorHideFlags: 0
  m_Script: {fileID: 708705254, guid: f5f67c52d1564df4a8936ccd202a3bd8, type: 3}
  m_Name: 
  m_EditorClassIdentifier: 
  m_Material: {fileID: 0}
  m_Color: {r: 0.19607843, g: 0.19607843, b: 0.19607843, a: 1}
  m_RaycastTarget: 1
  m_OnCullStateChanged:
    m_PersistentCalls:
      m_Calls: []
    m_TypeName: UnityEngine.UI.MaskableGraphic+CullStateChangedEvent, UnityEngine.UI,
      Version=1.0.0.0, Culture=neutral, PublicKeyToken=null
  m_FontData:
    m_Font: {fileID: 10102, guid: 0000000000000000e000000000000000, type: 0}
    m_FontSize: 0
    m_FontStyle: 0
    m_BestFit: 0
    m_MinSize: 0
    m_MaxSize: 40
    m_Alignment: 4
    m_AlignByGeometry: 0
    m_RichText: 1
    m_HorizontalOverflow: 0
    m_VerticalOverflow: 0
    m_LineSpacing: 1
  m_Text: Button
--- !u!222 &1065043705
CanvasRenderer:
  m_ObjectHideFlags: 0
  m_PrefabParentObject: {fileID: 22239458, guid: 82ff44c44057dae48bb0426f644dc8fa,
    type: 2}
  m_PrefabInternal: {fileID: 0}
  m_GameObject: {fileID: 1065043702}
--- !u!21 &1321682154
Material:
  serializedVersion: 6
  m_ObjectHideFlags: 0
  m_PrefabParentObject: {fileID: 0}
  m_PrefabInternal: {fileID: 0}
  m_Name: unspecified_scaledMaterial
  m_Shader: {fileID: 10752, guid: 0000000000000000f000000000000000, type: 0}
  m_ShaderKeywords: 
  m_LightmapFlags: 5
  m_CustomRenderQueue: -1
  stringTagMap: {}
  m_SavedProperties:
    serializedVersion: 2
    m_TexEnvs:
      data:
        first:
          name: _MainTex
        second:
          m_Texture: {fileID: 2800000, guid: ae7403162a444d349d0e7dbb9c1cebdf, type: 3}
          m_Scale: {x: 1, y: 1}
          m_Offset: {x: 0, y: 0}
    m_Floats: {}
    m_Colors:
      data:
        first:
          name: _Color
        second: {r: 0.82089555, g: 0.82089555, b: 0.82089555, a: 1}
--- !u!1 &1346388402
GameObject:
  m_ObjectHideFlags: 0
  m_PrefabParentObject: {fileID: 0}
  m_PrefabInternal: {fileID: 0}
  serializedVersion: 4
  m_Component:
  - 4: {fileID: 1346388403}
  - 23: {fileID: 1346388405}
  - 114: {fileID: 1346388404}
  m_Layer: 0
  m_Name: BackgroundPlane
  m_TagString: Untagged
  m_Icon: {fileID: 0}
  m_NavMeshLayer: 0
  m_StaticEditorFlags: 0
  m_IsActive: 1
--- !u!4 &1346388403
Transform:
  m_ObjectHideFlags: 0
  m_PrefabParentObject: {fileID: 0}
  m_PrefabInternal: {fileID: 0}
  m_GameObject: {fileID: 1346388402}
  m_LocalRotation: {x: 0, y: 0, z: 0, w: 1}
  m_LocalPosition: {x: -0.03, y: -0, z: -0}
  m_LocalScale: {x: 1, y: 1, z: 1}
  m_Children: []
  m_Father: {fileID: 299562421}
  m_RootOrder: 0
--- !u!114 &1346388404
MonoBehaviour:
  m_ObjectHideFlags: 0
  m_PrefabParentObject: {fileID: 0}
  m_PrefabInternal: {fileID: 0}
  m_GameObject: {fileID: 1346388402}
  m_Enabled: 1
  m_EditorHideFlags: 0
  m_Script: {fileID: 11500000, guid: b62dc8c390ae00c41a0ae52d79877662, type: 3}
  m_Name: 
  m_EditorClassIdentifier: 
  mNumDivisions: 2
--- !u!23 &1346388405
MeshRenderer:
  m_ObjectHideFlags: 0
  m_PrefabParentObject: {fileID: 0}
  m_PrefabInternal: {fileID: 0}
  m_GameObject: {fileID: 1346388402}
  m_Enabled: 1
  m_CastShadows: 1
  m_ReceiveShadows: 1
  m_Materials:
  - {fileID: 2100000, guid: e6eb16febd64e6b4a8a3f5918233c4da, type: 2}
  m_SubsetIndices: 
  m_StaticBatchRoot: {fileID: 0}
  m_UseLightProbes: 0
  m_ReflectionProbeUsage: 1
  m_ProbeAnchor: {fileID: 0}
  m_ScaleInLightmap: 1
  m_PreserveUVs: 0
  m_IgnoreNormalsForChartDetection: 0
  m_ImportantGI: 0
  m_MinimumChartSize: 4
  m_AutoUVMaxDistance: 0.5
  m_AutoUVMaxAngle: 89
  m_LightmapParameters: {fileID: 0}
  m_SortingLayerID: 0
  m_SortingOrder: 0
--- !u!1 &1348115986
GameObject:
  m_ObjectHideFlags: 0
  m_PrefabParentObject: {fileID: 0}
  m_PrefabInternal: {fileID: 0}
  serializedVersion: 4
  m_Component:
  - 4: {fileID: 1348115990}
  - 33: {fileID: 1348115989}
  - 65: {fileID: 1348115988}
  - 23: {fileID: 1348115987}
  m_Layer: 0
  m_Name: Cube (4)
  m_TagString: Untagged
  m_Icon: {fileID: 0}
  m_NavMeshLayer: 0
  m_StaticEditorFlags: 0
  m_IsActive: 1
--- !u!23 &1348115987
MeshRenderer:
  m_ObjectHideFlags: 0
  m_PrefabParentObject: {fileID: 0}
  m_PrefabInternal: {fileID: 0}
  m_GameObject: {fileID: 1348115986}
  m_Enabled: 1
  m_CastShadows: 1
  m_ReceiveShadows: 1
  m_Materials:
  - {fileID: 10303, guid: 0000000000000000f000000000000000, type: 0}
  m_SubsetIndices: 
  m_StaticBatchRoot: {fileID: 0}
  m_UseLightProbes: 1
  m_ReflectionProbeUsage: 1
  m_ProbeAnchor: {fileID: 0}
  m_ScaleInLightmap: 1
  m_PreserveUVs: 1
  m_IgnoreNormalsForChartDetection: 0
  m_ImportantGI: 0
  m_MinimumChartSize: 4
  m_AutoUVMaxDistance: 0.5
  m_AutoUVMaxAngle: 89
  m_LightmapParameters: {fileID: 0}
  m_SortingLayerID: 0
  m_SortingOrder: 0
--- !u!65 &1348115988
BoxCollider:
  m_ObjectHideFlags: 0
  m_PrefabParentObject: {fileID: 0}
  m_PrefabInternal: {fileID: 0}
  m_GameObject: {fileID: 1348115986}
  m_Material: {fileID: 0}
  m_IsTrigger: 0
  m_Enabled: 1
  serializedVersion: 2
  m_Size: {x: 1, y: 1, z: 1}
  m_Center: {x: 0, y: 0, z: 0}
--- !u!33 &1348115989
MeshFilter:
  m_ObjectHideFlags: 0
  m_PrefabParentObject: {fileID: 0}
  m_PrefabInternal: {fileID: 0}
  m_GameObject: {fileID: 1348115986}
  m_Mesh: {fileID: 10202, guid: 0000000000000000e000000000000000, type: 0}
--- !u!4 &1348115990
Transform:
  m_ObjectHideFlags: 0
  m_PrefabParentObject: {fileID: 0}
  m_PrefabInternal: {fileID: 0}
  m_GameObject: {fileID: 1348115986}
  m_LocalRotation: {x: 0, y: 0, z: 0, w: 1}
  m_LocalPosition: {x: 0, y: 5, z: 0}
  m_LocalScale: {x: 1, y: 1, z: 1}
  m_Children: []
  m_Father: {fileID: 0}
  m_RootOrder: 9
--- !u!1 &1404072431
GameObject:
  m_ObjectHideFlags: 0
  m_PrefabParentObject: {fileID: 150430, guid: b8b03d395f5734e98af91ccf44f9bf47, type: 2}
  m_PrefabInternal: {fileID: 0}
  serializedVersion: 4
  m_Component:
  - 4: {fileID: 1404072432}
  m_Layer: 0
  m_Name: Stereo Render
  m_TagString: Untagged
  m_Icon: {fileID: 0}
  m_NavMeshLayer: 0
  m_StaticEditorFlags: 0
  m_IsActive: 1
--- !u!4 &1404072432
Transform:
  m_ObjectHideFlags: 0
  m_PrefabParentObject: {fileID: 450430, guid: b8b03d395f5734e98af91ccf44f9bf47, type: 2}
  m_PrefabInternal: {fileID: 0}
  m_GameObject: {fileID: 1404072431}
  m_LocalRotation: {x: 0, y: 0, z: 0, w: 1}
  m_LocalPosition: {x: 0, y: 0, z: 0}
  m_LocalScale: {x: 1, y: 1, z: 1}
  m_Children:
  - {fileID: 253301311}
  - {fileID: 796009244}
  m_Father: {fileID: 22604883}
  m_RootOrder: 1
--- !u!1 &1439641995
GameObject:
  m_ObjectHideFlags: 0
  m_PrefabParentObject: {fileID: 155754, guid: 82ff44c44057dae48bb0426f644dc8fa, type: 2}
  m_PrefabInternal: {fileID: 0}
  serializedVersion: 4
  m_Component:
  - 4: {fileID: 1439641996}
  - 108: {fileID: 1439641997}
  m_Layer: 0
  m_Name: Point light
  m_TagString: Untagged
  m_Icon: {fileID: 0}
  m_NavMeshLayer: 0
  m_StaticEditorFlags: 0
  m_IsActive: 1
--- !u!4 &1439641996
Transform:
  m_ObjectHideFlags: 0
  m_PrefabParentObject: {fileID: 450848, guid: 82ff44c44057dae48bb0426f644dc8fa, type: 2}
  m_PrefabInternal: {fileID: 0}
  m_GameObject: {fileID: 1439641995}
  m_LocalRotation: {x: 0, y: 0, z: 0, w: 1}
  m_LocalPosition: {x: 0, y: 0.1318, z: 0}
  m_LocalScale: {x: 1, y: 1, z: 1}
  m_Children: []
  m_Father: {fileID: 774945699}
  m_RootOrder: 8
--- !u!108 &1439641997
Light:
  m_ObjectHideFlags: 0
  m_PrefabParentObject: {fileID: 10821810, guid: 82ff44c44057dae48bb0426f644dc8fa,
    type: 2}
  m_PrefabInternal: {fileID: 0}
  m_GameObject: {fileID: 1439641995}
  m_Enabled: 1
  serializedVersion: 6
  m_Type: 2
  m_Color: {r: 1, g: 1, b: 1, a: 1}
  m_Intensity: 1
  m_Range: 10
  m_SpotAngle: 30
  m_CookieSize: 10
  m_Shadows:
    m_Type: 0
    m_Resolution: -1
    m_Strength: 1
    m_Bias: 0.05
    m_NormalBias: 0.4
    m_NearPlane: 0.2
  m_Cookie: {fileID: 0}
  m_DrawHalo: 0
  m_Flare: {fileID: 0}
  m_RenderMode: 0
  m_CullingMask:
    serializedVersion: 2
    m_Bits: 4294967295
  m_Lightmapping: 4
  m_BounceIntensity: 1
  m_ShadowRadius: 0
  m_ShadowAngle: 0
  m_AreaSize: {x: 1, y: 1}
--- !u!1 &1498613282
GameObject:
  m_ObjectHideFlags: 0
  m_PrefabParentObject: {fileID: 0}
  m_PrefabInternal: {fileID: 0}
  serializedVersion: 4
  m_Component:
  - 224: {fileID: 1498613283}
  - 223: {fileID: 1498613286}
  - 114: {fileID: 1498613285}
  - 114: {fileID: 1498613284}
  m_Layer: 0
  m_Name: Canvas
  m_TagString: Untagged
  m_Icon: {fileID: 0}
  m_NavMeshLayer: 0
  m_StaticEditorFlags: 0
  m_IsActive: 1
--- !u!224 &1498613283
RectTransform:
  m_ObjectHideFlags: 0
  m_PrefabParentObject: {fileID: 0}
  m_PrefabInternal: {fileID: 0}
  m_GameObject: {fileID: 1498613282}
  m_LocalRotation: {x: 0, y: 0, z: 0, w: 1}
  m_LocalPosition: {x: 0, y: 0, z: 10}
  m_LocalScale: {x: 1, y: 1, z: 1}
  m_Children:
  - {fileID: 177815953}
  m_Father: {fileID: 299562418}
  m_RootOrder: 1
  m_AnchorMin: {x: 0, y: 0}
  m_AnchorMax: {x: 0, y: 0}
  m_AnchoredPosition: {x: 0, y: 0}
  m_SizeDelta: {x: 0.5, y: 0.5}
  m_Pivot: {x: 0.5, y: 0.5}
--- !u!114 &1498613284
MonoBehaviour:
  m_ObjectHideFlags: 0
  m_PrefabParentObject: {fileID: 0}
  m_PrefabInternal: {fileID: 0}
  m_GameObject: {fileID: 1498613282}
  m_Enabled: 1
  m_EditorHideFlags: 0
  m_Script: {fileID: 1301386320, guid: f5f67c52d1564df4a8936ccd202a3bd8, type: 3}
  m_Name: 
  m_EditorClassIdentifier: 
  m_IgnoreReversedGraphics: 1
  m_BlockingObjects: 0
  m_BlockingMask:
    serializedVersion: 2
    m_Bits: 4294967295
--- !u!114 &1498613285
MonoBehaviour:
  m_ObjectHideFlags: 0
  m_PrefabParentObject: {fileID: 0}
  m_PrefabInternal: {fileID: 0}
  m_GameObject: {fileID: 1498613282}
  m_Enabled: 1
  m_EditorHideFlags: 0
  m_Script: {fileID: 1980459831, guid: f5f67c52d1564df4a8936ccd202a3bd8, type: 3}
  m_Name: 
  m_EditorClassIdentifier: 
  m_UiScaleMode: 0
  m_ReferencePixelsPerUnit: 100
  m_ScaleFactor: 1
  m_ReferenceResolution: {x: 800, y: 600}
  m_ScreenMatchMode: 0
  m_MatchWidthOrHeight: 0
  m_PhysicalUnit: 3
  m_FallbackScreenDPI: 96
  m_DefaultSpriteDPI: 96
  m_DynamicPixelsPerUnit: 1
--- !u!223 &1498613286
Canvas:
  m_ObjectHideFlags: 0
  m_PrefabParentObject: {fileID: 0}
  m_PrefabInternal: {fileID: 0}
  m_GameObject: {fileID: 1498613282}
  m_Enabled: 1
  serializedVersion: 2
  m_RenderMode: 2
  m_Camera: {fileID: 0}
  m_PlaneDistance: 100
  m_PixelPerfect: 0
  m_ReceivesEvents: 1
  m_OverrideSorting: 0
  m_OverridePixelPerfect: 0
  m_SortingLayerID: 0
  m_SortingOrder: 0
  m_TargetDisplay: 0
--- !u!1 &1853688621
GameObject:
  m_ObjectHideFlags: 0
  m_PrefabParentObject: {fileID: 198830, guid: 82ff44c44057dae48bb0426f644dc8fa, type: 2}
  m_PrefabInternal: {fileID: 0}
  serializedVersion: 4
  m_Component:
  - 4: {fileID: 1853688622}
  - 33: {fileID: 1853688625}
  - 64: {fileID: 1853688624}
  - 23: {fileID: 1853688623}
  m_Layer: 0
  m_Name: Plane
  m_TagString: Untagged
  m_Icon: {fileID: 0}
  m_NavMeshLayer: 0
  m_StaticEditorFlags: 0
  m_IsActive: 0
--- !u!4 &1853688622
Transform:
  m_ObjectHideFlags: 0
  m_PrefabParentObject: {fileID: 442552, guid: 82ff44c44057dae48bb0426f644dc8fa, type: 2}
  m_PrefabInternal: {fileID: 0}
  m_GameObject: {fileID: 1853688621}
  m_LocalRotation: {x: 0, y: 1, z: 0, w: -0.00000004371139}
  m_LocalPosition: {x: 0, y: -1, z: 0}
  m_LocalScale: {x: 0.2, y: 1, z: 0.116}
  m_Children: []
  m_Father: {fileID: 774945699}
  m_RootOrder: 2
--- !u!23 &1853688623
MeshRenderer:
  m_ObjectHideFlags: 0
  m_PrefabParentObject: {fileID: 2367510, guid: 82ff44c44057dae48bb0426f644dc8fa,
    type: 2}
  m_PrefabInternal: {fileID: 0}
  m_GameObject: {fileID: 1853688621}
  m_Enabled: 1
  m_CastShadows: 1
  m_ReceiveShadows: 1
  m_Materials:
  - {fileID: 2100000, guid: 2614bdf565ec76f49b5c344a99268125, type: 2}
  m_SubsetIndices: 
  m_StaticBatchRoot: {fileID: 0}
  m_UseLightProbes: 1
  m_ReflectionProbeUsage: 1
  m_ProbeAnchor: {fileID: 0}
  m_ScaleInLightmap: 1
  m_PreserveUVs: 1
  m_IgnoreNormalsForChartDetection: 0
  m_ImportantGI: 0
  m_MinimumChartSize: 4
  m_AutoUVMaxDistance: 0.5
  m_AutoUVMaxAngle: 89
  m_LightmapParameters: {fileID: 0}
  m_SortingLayerID: 0
  m_SortingOrder: 0
--- !u!64 &1853688624
MeshCollider:
  m_ObjectHideFlags: 0
  m_PrefabParentObject: {fileID: 6437946, guid: 82ff44c44057dae48bb0426f644dc8fa,
    type: 2}
  m_PrefabInternal: {fileID: 0}
  m_GameObject: {fileID: 1853688621}
  m_Material: {fileID: 0}
  m_IsTrigger: 0
  m_Enabled: 1
  serializedVersion: 2
  m_Convex: 0
  m_Mesh: {fileID: 10209, guid: 0000000000000000e000000000000000, type: 0}
--- !u!33 &1853688625
MeshFilter:
  m_ObjectHideFlags: 0
  m_PrefabParentObject: {fileID: 3316988, guid: 82ff44c44057dae48bb0426f644dc8fa,
    type: 2}
  m_PrefabInternal: {fileID: 0}
  m_GameObject: {fileID: 1853688621}
  m_Mesh: {fileID: 10209, guid: 0000000000000000e000000000000000, type: 0}
--- !u!1 &2050789977
GameObject:
  m_ObjectHideFlags: 0
  m_PrefabParentObject: {fileID: 176368, guid: 82ff44c44057dae48bb0426f644dc8fa, type: 2}
  m_PrefabInternal: {fileID: 0}
  serializedVersion: 4
  m_Component:
  - 4: {fileID: 2050789978}
  m_Layer: 0
  m_Name: Mask
  m_TagString: Untagged
  m_Icon: {fileID: 0}
  m_NavMeshLayer: 0
  m_StaticEditorFlags: 0
  m_IsActive: 1
--- !u!4 &2050789978
Transform:
  m_ObjectHideFlags: 0
  m_PrefabParentObject: {fileID: 426018, guid: 82ff44c44057dae48bb0426f644dc8fa, type: 2}
  m_PrefabInternal: {fileID: 0}
  m_GameObject: {fileID: 2050789977}
  m_LocalRotation: {x: -0.7071068, y: 0, z: 0, w: 0.7071068}
  m_LocalPosition: {x: 0, y: 0, z: 0}
  m_LocalScale: {x: 0.0009765625, y: 0.0009765625, z: 0.0009765625}
  m_Children:
  - {fileID: 520427337}
  - {fileID: 430392115}
  - {fileID: 990892466}
  - {fileID: 156074540}
  - {fileID: 674155423}
  m_Father: {fileID: 774945699}
  m_RootOrder: 1
--- !u!1 &2122880252
GameObject:
  m_ObjectHideFlags: 0
  m_PrefabParentObject: {fileID: 139686, guid: 82ff44c44057dae48bb0426f644dc8fa, type: 2}
  m_PrefabInternal: {fileID: 0}
  serializedVersion: 4
  m_Component:
  - 4: {fileID: 2122880253}
  - 33: {fileID: 2122880257}
  - 135: {fileID: 2122880256}
  - 23: {fileID: 2122880255}
  - 114: {fileID: 2122880254}
  m_Layer: 0
  m_Name: Ray Target
  m_TagString: Hit Object
  m_Icon: {fileID: 0}
  m_NavMeshLayer: 0
  m_StaticEditorFlags: 0
  m_IsActive: 1
--- !u!4 &2122880253
Transform:
  m_ObjectHideFlags: 0
  m_PrefabParentObject: {fileID: 499776, guid: 82ff44c44057dae48bb0426f644dc8fa, type: 2}
  m_PrefabInternal: {fileID: 0}
  m_GameObject: {fileID: 2122880252}
  m_LocalRotation: {x: 0, y: 0, z: 0, w: 1}
  m_LocalPosition: {x: 0, y: -0.111, z: 0}
  m_LocalScale: {x: 0.5, y: 0.5, z: 0.5}
  m_Children: []
  m_Father: {fileID: 774945699}
  m_RootOrder: 7
--- !u!114 &2122880254
MonoBehaviour:
  m_ObjectHideFlags: 0
  m_PrefabParentObject: {fileID: 0}
  m_PrefabInternal: {fileID: 0}
  m_GameObject: {fileID: 2122880252}
  m_Enabled: 1
  m_EditorHideFlags: 0
  m_Script: {fileID: 11500000, guid: 34e72ded28a14cc4c9031b84f9557881, type: 3}
  m_Name: 
  m_EditorClassIdentifier: 
  spawnTest: {fileID: 172678, guid: 43195fbabc7c28144ac76b5a036b2ebc, type: 2}
--- !u!23 &2122880255
MeshRenderer:
  m_ObjectHideFlags: 0
  m_PrefabParentObject: {fileID: 2352868, guid: 82ff44c44057dae48bb0426f644dc8fa,
    type: 2}
  m_PrefabInternal: {fileID: 0}
  m_GameObject: {fileID: 2122880252}
  m_Enabled: 1
  m_CastShadows: 1
  m_ReceiveShadows: 1
  m_Materials:
  - {fileID: 10303, guid: 0000000000000000f000000000000000, type: 0}
  m_SubsetIndices: 
  m_StaticBatchRoot: {fileID: 0}
  m_UseLightProbes: 1
  m_ReflectionProbeUsage: 1
  m_ProbeAnchor: {fileID: 0}
  m_ScaleInLightmap: 1
  m_PreserveUVs: 1
  m_IgnoreNormalsForChartDetection: 0
  m_ImportantGI: 0
  m_MinimumChartSize: 4
  m_AutoUVMaxDistance: 0.5
  m_AutoUVMaxAngle: 89
  m_LightmapParameters: {fileID: 0}
  m_SortingLayerID: 0
  m_SortingOrder: 0
--- !u!135 &2122880256
SphereCollider:
  m_ObjectHideFlags: 0
  m_PrefabParentObject: {fileID: 13526506, guid: 82ff44c44057dae48bb0426f644dc8fa,
    type: 2}
  m_PrefabInternal: {fileID: 0}
  m_GameObject: {fileID: 2122880252}
  m_Material: {fileID: 0}
  m_IsTrigger: 0
  m_Enabled: 1
  serializedVersion: 2
  m_Radius: 0.5
  m_Center: {x: 0, y: 0, z: 0}
--- !u!33 &2122880257
MeshFilter:
  m_ObjectHideFlags: 0
  m_PrefabParentObject: {fileID: 3308492, guid: 82ff44c44057dae48bb0426f644dc8fa,
    type: 2}
  m_PrefabInternal: {fileID: 0}
  m_GameObject: {fileID: 2122880252}
  m_Mesh: {fileID: 10207, guid: 0000000000000000e000000000000000, type: 0}
